trade_id,ticker,price,count,count_fp,yes_price,no_price,yes_price_dollars,no_price_dollars,taker_side,created_time,value_usd
f45de198-e769-67ed-1e46-db9300e29803,KXPRESPERSON-28-JVAN,0.24,1188,1188.00,24,76,0.2400,0.7600,no,2026-02-12T15:51:08.56527Z,902.88
84cfadb0-90dc-6d48-0fcc-e9f6f9e1047b,KXPRESPERSON-28-JVAN,0.24,53,53.00,24,76,0.2400,0.7600,no,2026-02-12T15:51:08.56527Z,40.28
2a5984a9-7b8d-69b8-2ebd-38f07145b946,KXPRESPERSON-28-JVAN,0.24,319,319.00,24,76,0.2400,0.7600,no,2026-02-12T15:51:08.56527Z,242.44
233fc8b4-0c47-6a9e-3528-741279e9e4bb,KXPRESPERSON-28-JVAN,0.24,200,200.00,24,76,0.2400,0.7600,no,2026-02-12T15:51:08.56527Z,152.0
49923ef6-b513-6218-39cd-6c6b1148b53b,KXPRESPERSON-28-JPRI,0.03,312,312.00,3,97,0.0300,0.9700,yes,2026-02-12T15:49:21.436341Z,9.36
854d5343-946c-7d0d-50a2-c2da87bfda2a,KXELECTIONBILL-26MAY01,0.17,80,80.00,17,83,0.1700,0.8300,yes,2026-02-12T15:46:52.566565Z,13.6
4a1964b7-1075-7255-7698-3ad42d086a95,KXELECTIONBILL-26MAY01,0.17,16,16.00,17,83,0.1700,0.8300,yes,2026-02-12T15:46:52.566565Z,2.72
2098f14d-b105-45b0-a63c-e339e84b8623,CONTROLH-2026-R,0.22,41,41.00,22,78,0.2200,0.7800,yes,2026-02-12T15:46:37.354015Z,9.02
28212b51-dfbe-5982-3794-f3185f2c5eee,KXSAVEACT-27-JAN04,0.14,134,134.00,14,86,0.1400,0.8600,yes,2026-02-12T15:46:10.467363Z,18.76
7d6a84ec-dcf5-4666-3379-72ca9cb19b40,KXELECTIONBILL-27JAN01,0.32,29,29.00,32,68,0.3200,0.6800,yes,2026-02-12T15:45:45.580861Z,9.28
d1d5de4a-bfde-5b32-83d1-875aa3eb093e,KXSAVEACT-27-JAN04,0.14,33,33.00,14,86,0.1400,0.8600,yes,2026-02-12T15:44:44.141288Z,4.62
2745596e-7768-6cb0-05b1-0ec12310eaf0,KXELECTIONBILL-26MAY01,0.17,41,41.00,17,83,0.1700,0.8300,yes,2026-02-12T15:44:38.006467Z,6.97
265387fc-f008-6d05-2668-240ca801550e,KXELECTIONBILL-26MAY01,0.17,70,70.00,17,83,0.1700,0.8300,yes,2026-02-12T15:44:38.006467Z,11.9
9de5d1d8-87ee-41a2-8081-9b425a5c2dce,KXSAVEACT-27-JAN04,0.14,28,28.00,14,86,0.1400,0.8600,yes,2026-02-12T15:44:20.620078Z,3.92
ba34d921-9ba6-4a9a-1f77-4e6a5a195c82,KXSAVEACT-27-JAN04,0.14,33,33.00,14,86,0.1400,0.8600,yes,2026-02-12T15:42:48.712334Z,4.62
ed129e9c-dc21-545a-8811-8cdb0c5a5ff1,KXSAVEACT-27-JAN04,0.13,24,24.00,13,87,0.1300,0.8700,no,2026-02-12T15:42:24.238869Z,20.88
5a35f2a9-75ae-5d76-9c36-1c8f7386a3cd,KXSAVEACT-27-JAN04,0.13,9,9.00,13,87,0.1300,0.8700,no,2026-02-12T15:42:24.238869Z,7.83
770eb388-e43e-4322-812c-b9fdce5c24ee,KXSAVEACT-27-JAN04,0.14,20,20.00,14,86,0.1400,0.8600,yes,2026-02-12T15:41:12.293947Z,2.8
8ff91a12-796a-5516-46ba-d8c5a30e0e2e,KXSAVEACT-27-JAN04,0.14,168,168.00,14,86,0.1400,0.8600,yes,2026-02-12T15:41:08.775711Z,23.52
6d53efdc-eb36-492a-6737-604c421e7d6e,KXSAVEACT-27-JAN04,0.14,33,33.00,14,86,0.1400,0.8600,yes,2026-02-12T15:41:06.25604Z,4.62
522d5ccb-cbe4-461b-216c-42606b35e44d,KXKHAMENEIOUT-AKHA-26APR01,0.17,131,131.00,17,83,0.1700,0.8300,yes,2026-02-12T15:40:56.566753Z,22.27
f96a0127-377f-652b-c53b-ff2584aad200,KXSAVEACT-27-JAN04,0.12,96,96.00,12,88,0.1200,0.8800,no,2026-02-12T15:39:52.823916Z,84.48
e2de3844-7bc7-69bc-effd-a293adb50564,KXSAVEACT-27-JAN04,0.13,5,5.00,13,87,0.1300,0.8700,no,2026-02-12T15:39:52.823916Z,4.35
b433bfa5-e720-69bc-d5aa-cfd2c11df26b,KXSAVEACT-27-JAN04,0.13,5,5.00,13,87,0.1300,0.8700,no,2026-02-12T15:39:52.823916Z,4.35
8ea2811d-4dc1-678e-d6c8-aaad8e2a2055,KXSAVEACT-27-JAN04,0.12,85,85.00,12,88,0.1200,0.8800,no,2026-02-12T15:39:52.823916Z,74.8
500b2172-572f-668c-d2e5-1d93ec498aaa,KXSAVEACT-27-JAN04,0.13,5,5.00,13,87,0.1300,0.8700,no,2026-02-12T15:39:52.823916Z,4.35
0bb3be2c-0d5f-63e3-f35e-d2cb8164fb0e,KXSAVEACT-27-JAN04,0.12,10,10.00,12,88,0.1200,0.8800,no,2026-02-12T15:39:52.823916Z,8.8
089c5861-56e6-6d76-c07a-8f68befc8e7f,KXSAVEACT-27-JAN04,0.12,50,50.00,12,88,0.1200,0.8800,no,2026-02-12T15:39:52.823916Z,44.0
35f161a2-48a0-464a-ee2f-ea4ab12e6475,KXPRESPERSON-28-GNEWS,0.2,4,4.00,20,80,0.2000,0.8000,no,2026-02-12T15:39:43.436413Z,3.2
bba05a08-1679-67a5-d817-fc142577e0d1,KXLAGODAYS-26FEB-3,0.15,10,10.00,15,85,0.1500,0.8500,yes,2026-02-12T15:38:22.404005Z,1.5
48cfcb53-41cd-639c-db33-1bd3d71b6e86,KXLAGODAYS-26FEB-3,0.15,21,21.00,15,85,0.1500,0.8500,yes,2026-02-12T15:38:22.404005Z,3.15
0c43294f-a9b4-423f-8634-64ec0eeeaebd,KXKHAMENEIOUT-AKHA-26APR01,0.17,1052,1052.00,17,83,0.1700,0.8300,yes,2026-02-12T15:38:17.424127Z,178.84
772ba9a1-461a-6506-8c50-3db54d52e146,KXSAVEACT-27-JAN04,0.14,101,101.00,14,86,0.1400,0.8600,yes,2026-02-12T15:37:27.464123Z,14.14
c642cc0a-0c70-6a1f-19f1-1a0706f5da2d,KXKHAMENEIOUT-AKHA-26APR01,0.17,60,60.00,17,83,0.1700,0.8300,yes,2026-02-12T15:36:27.173627Z,10.2
fc919b3e-dfc2-55fd-9d28-51168109943e,KXTRUTHSOCIAL-26FEB14-T200,0.44,7,7.00,44,56,0.4400,0.5600,yes,2026-02-12T15:36:23.369181Z,3.08
00411dcd-14fa-5b62-b1f3-bcfd22501c7d,KXTRUTHSOCIAL-26FEB14-T200,0.43,4,4.00,43,57,0.4300,0.5700,yes,2026-02-12T15:36:23.369181Z,1.72
7f52c663-705f-70c3-e0b6-919b62a2a42d,KXELECTIONBILL-26MAY01,0.17,25,25.00,17,83,0.1700,0.8300,yes,2026-02-12T15:34:41.406828Z,4.25
4515a2ce-0b7d-749c-d5e3-6c4cf447d2e8,KXELECTIONBILL-26MAY01,0.17,25,25.00,17,83,0.1700,0.8300,yes,2026-02-12T15:34:41.406828Z,4.25
1119cd6d-55c8-7df4-ec33-d2e8d128de30,KXELECTIONBILL-26MAY01,0.17,49,49.00,17,83,0.1700,0.8300,yes,2026-02-12T15:34:41.406828Z,8.33
9b9def57-622c-4c70-6846-29ce38489dc8,CONTROLH-2026-R,0.23,41,41.00,23,77,0.2300,0.7700,yes,2026-02-12T15:33:59.811163Z,9.43
32aadf9b-6fc6-6777-b547-6e039ad51a6c,KXGREENTERRITORY-29,0.42,11,11.00,42,58,0.4200,0.5800,no,2026-02-12T15:32:49.854694Z,6.38
e8cf979c-928e-5280-063f-212104964b03,KXTRUTHSOCIAL-26FEB14-B129,0.13,3,3.00,13,87,0.1300,0.8700,no,2026-02-12T15:32:42.115709Z,2.61
7adc2efe-0c02-5e76-03b6-4e3c06b72881,KXTRUTHSOCIAL-26FEB14-B129,0.13,61,61.00,13,87,0.1300,0.8700,no,2026-02-12T15:32:42.115709Z,53.07
2624c313-101a-52e0-39d0-fcb06c6cb4ca,KXTRUTHSOCIAL-26FEB14-B129,0.13,6,6.00,13,87,0.1300,0.8700,no,2026-02-12T15:32:42.115709Z,5.22
0f5e6256-fdb9-5618-1342-00c9bff61620,GOVPARTYAZ-26-R,0.39,22,22.00,39,61,0.3900,0.6100,no,2026-02-12T15:31:37.40682Z,13.42
d8cb9632-38da-5812-73d7-36b4fe0511ae,KXSAVEACT-27-JAN04,0.14,249,249.00,14,86,0.1400,0.8600,yes,2026-02-12T15:31:25.678893Z,34.86
cf39ae59-99dc-620c-d3bc-0a8f17c00d6d,KXPRESPERSON-28-MRUB,0.09,100,100.00,9,91,0.0900,0.9100,no,2026-02-12T15:31:21.257753Z,91.0
c00ee60f-ac13-63a7-ee05-a8c4eb8e6b1c,KXPRESPERSON-28-MRUB,0.09,50,50.00,9,91,0.0900,0.9100,no,2026-02-12T15:31:21.257753Z,45.5
9bad45a6-8050-6027-f675-32b2cddfd891,KXPRESPERSON-28-MRUB,0.09,28,28.00,9,91,0.0900,0.9100,no,2026-02-12T15:31:21.257753Z,25.48
43e29e50-3098-650f-d92c-5e8c079f1d92,KXPRESPERSON-28-MRUB,0.09,25,25.00,9,91,0.0900,0.9100,no,2026-02-12T15:31:21.257753Z,22.75
05174f04-91b4-6832-f501-042236fa9273,KXPRESPERSON-28-MRUB,0.09,16,16.00,9,91,0.0900,0.9100,no,2026-02-12T15:31:21.257753Z,14.56
b72f03a8-6075-435b-83a7-3eeb165f1674,KXDIAZOUT-MDC-26JUN01,0.44,23,23.00,44,56,0.4400,0.5600,no,2026-02-12T15:31:01.047134Z,12.88
59801675-9583-422a-98e6-e9cd28092c17,KXDIAZOUT-MDC-26JUN01,0.44,23,23.00,44,56,0.4400,0.5600,no,2026-02-12T15:31:01.047134Z,12.88
49402f31-c8aa-47ef-9f83-ab0df7b0b214,KXDIAZOUT-MDC-26JUN01,0.45,5,5.00,45,55,0.4500,0.5500,no,2026-02-12T15:31:01.047134Z,2.75
0e384612-d6f5-4322-8372-4ba45d800c84,KXDIAZOUT-MDC-26JUN01,0.4,78,78.00,40,60,0.4000,0.6000,no,2026-02-12T15:31:01.047134Z,46.8
088c7952-1cf0-4b76-b638-927f54d0d329,KXDIAZOUT-MDC-26JUN01,0.44,22,22.00,44,56,0.4400,0.5600,no,2026-02-12T15:31:01.047134Z,12.32
031ce57e-7447-4944-a3a8-5cbfb3b787f8,KXDIAZOUT-MDC-26JUN01,0.41,16,16.00,41,59,0.4100,0.5900,no,2026-02-12T15:31:01.047134Z,9.44
956455bb-3dec-60f8-3690-95c7c0d2cbb4,KXGORDONDENTONBY-26MAR01-HSPE,0.7,28,28.00,70,30,0.7000,0.3000,no,2026-02-12T15:30:06.130566Z,8.4
cfcc4040-c18c-40f0-b3d2-c224acdf7cb8,KXGAMBLINGREPEAL-26JAN-APR,0.05,127,127.00,5,95,0.0500,0.9500,yes,2026-02-12T15:30:01.764011Z,6.35
932e8938-2eae-753e-9cfd-ecd77942d242,KXSAVEACT-27-JAN04,0.14,23,23.00,14,86,0.1400,0.8600,yes,2026-02-12T15:27:54.794834Z,3.22
e82e55e7-e77e-5cbb-186e-506280bbf638,KXTRUTHSOCIAL-26FEB14-B169,0.12,200,200.00,12,88,0.1200,0.8800,yes,2026-02-12T15:26:38.717499Z,24.0
0c948123-0ba6-5fa3-392e-a6d727fa4bb6,KXTRUTHSOCIAL-26FEB14-B169,0.13,200,200.00,13,87,0.1300,0.8700,yes,2026-02-12T15:26:38.717499Z,26.0
ef40504c-c9d0-518c-e8ec-73a57d3c9f80,CONTROLS-2026-D,0.37,9,9.00,37,63,0.3700,0.6300,yes,2026-02-12T15:26:35.606299Z,3.33
8be56e61-633f-5314-c4f8-dd966929a252,CONTROLS-2026-D,0.37,200,200.00,37,63,0.3700,0.6300,yes,2026-02-12T15:26:35.606299Z,74.0
7ace75e4-91ac-57fa-de97-11913ebb2f88,CONTROLS-2026-D,0.37,659,659.00,37,63,0.3700,0.6300,yes,2026-02-12T15:26:35.606299Z,243.83
9e0cf4de-db9e-5cee-9ea2-616e7d05006e,KXSAVEACT-27-JAN04,0.14,134,134.00,14,86,0.1400,0.8600,yes,2026-02-12T15:26:28.05161Z,18.76
bde53d90-cdf3-783e-ec82-43c81cf83791,CONTROLS-2026-D,0.37,317,317.00,37,63,0.3700,0.6300,yes,2026-02-12T15:26:03.83893Z,117.29
5d1c1c73-9d87-70bd-f29d-65e15501e167,CONTROLS-2026-D,0.37,2331,2331.00,37,63,0.3700,0.6300,yes,2026-02-12T15:26:03.83893Z,862.47
3048cb80-9c4e-7e85-d28e-32880c75809e,CONTROLS-2026-D,0.37,42,42.00,37,63,0.3700,0.6300,yes,2026-02-12T15:26:03.83893Z,15.54
23817951-6e47-725c-dba0-dd38e4928fb4,CONTROLS-2026-D,0.37,310,310.00,37,63,0.3700,0.6300,yes,2026-02-12T15:26:03.83893Z,114.7
e1488289-101a-5218-eafa-87f77dc65652,KXNEXTPRESSEC-29JAN21-NNP,0.23,118,118.00,23,77,0.2300,0.7700,yes,2026-02-12T15:25:51.100826Z,27.14
f9bb29e9-d0c7-504f-3fcb-fcce709a0517,KXNEXTPRESSEC-29JAN21-TCAR,0.02,50,50.00,2,98,0.0200,0.9800,yes,2026-02-12T15:25:50.76313Z,1.0
d9dbd3fe-d728-5f16-2fa4-24339b01f277,KXNEXTPRESSEC-29JAN21-TCAR,0.92,46,46.00,92,8,0.9200,0.0800,yes,2026-02-12T15:25:50.76313Z,42.32
d87cc1d3-73c2-50b4-01a3-b212f7a03275,KXNEXTPRESSEC-29JAN21-TCAR,0.91,22,22.00,91,9,0.9100,0.0900,yes,2026-02-12T15:25:50.76313Z,20.02
fe1db0b7-18f9-7712-dbc6-d9185e876a35,KXNEXTPRESSEC-29JAN21-KLAK,0.13,100,100.00,13,87,0.1300,0.8700,yes,2026-02-12T15:25:50.423389Z,13.0
fa35c16f-2fae-7c8e-d901-5401ec31e3be,KXNEXTPRESSEC-29JAN21-KLAK,0.86,11,11.00,86,14,0.8600,0.1400,yes,2026-02-12T15:25:50.423389Z,9.46
042c6e90-d2d8-73af-dd5d-7661dac5811a,KXNEXTPRESSEC-29JAN21-KLAK,0.85,7,7.00,85,15,0.8500,0.1500,yes,2026-02-12T15:25:50.423389Z,5.95
dea15efc-7fc9-4a44-8332-c451dbffcc99,KXNEXTPRESSEC-29JAN21-SSTE,0.74,36,36.00,74,26,0.7400,0.2600,yes,2026-02-12T15:25:50.086041Z,26.64
8f45c094-9be0-4ca1-886d-dc8958907688,KXNEXTPRESSEC-29JAN21-SSTE,0.72,7,7.00,72,28,0.7200,0.2800,yes,2026-02-12T15:25:50.086041Z,5.04
05c661aa-ea65-4cda-9370-3f96eeb8a753,KXNEXTPRESSEC-29JAN21-SSTE,0.72,75,75.00,72,28,0.7200,0.2800,yes,2026-02-12T15:25:50.086041Z,54.0
eb032c52-fbe9-454f-78a3-9b4550bc5078,KXNEXTPRESSEC-29JAN21-SJEN,0.83,6,6.00,83,17,0.8300,0.1700,yes,2026-02-12T15:25:49.74966Z,4.98
905fe163-aa08-49e8-763d-871d75f47ea2,KXNEXTPRESSEC-29JAN21-SJEN,0.86,98,98.00,86,14,0.8600,0.1400,yes,2026-02-12T15:25:49.74966Z,84.28
2bf412ef-098a-451a-4706-2ea8560ee38a,KXNEXTPRESSEC-29JAN21-SJEN,0.84,12,12.00,84,16,0.8400,0.1600,yes,2026-02-12T15:25:49.74966Z,10.08
ccadd993-73f9-6ddb-07de-55524788a96b,KXNEXTPRESSEC-29JAN21-SCHE,0.07,68,68.00,7,93,0.0700,0.9300,yes,2026-02-12T15:25:49.410812Z,4.76
16796e97-6585-647e-0d3e-f7062964d320,KXNEXTPRESSEC-29JAN21-SCHE,0.02,50,50.00,2,98,0.0200,0.9800,yes,2026-02-12T15:25:49.410812Z,1.0
a3833a00-e59a-6b65-bc9f-005dacacb009,KXSAVEACT-27-JAN04,0.15,220,220.00,15,85,0.1500,0.8500,yes,2026-02-12T15:25:10.896882Z,33.0
b9ce87e9-5216-5865-aeba-727de031b3a9,KXSAVEACT-27-JAN04,0.15,11,11.00,15,85,0.1500,0.8500,yes,2026-02-12T15:24:58.09751Z,1.65
2833e3e6-1364-6eec-17aa-77fffa416b53,KXGREENLANDPRICE-29JAN21-NOACQ,0.78,149,149.00,78,22,0.7800,0.2200,no,2026-02-12T15:24:36.51682Z,32.78
e5d1c124-6508-702f-63ac-c54617e2bc48,KXDIAZOUT-MDC-26MAR01,0.1,3,3.00,10,90,0.1000,0.9000,no,2026-02-12T15:24:35.926639Z,2.7
95a822fa-1116-6f39-5e3b-bb5fc80de4f5,KXSAVEACT-27-JAN04,0.15,56,56.00,15,85,0.1500,0.8500,yes,2026-02-12T15:24:17.04716Z,8.4
7b44d031-4e01-43c8-4041-ce28112f8534,CONTROLH-2026-D,0.78,126,126.00,78,22,0.7800,0.2200,yes,2026-02-12T15:24:09.277548Z,98.28
da64a7a8-db30-5cd6-7489-15e58488cf1d,KXPRESPERSON-28-GNEWS,0.2,257,257.00,20,80,0.2000,0.8000,no,2026-02-12T15:23:37.71599Z,205.6
ec1f35eb-5b3e-7d12-7ebe-c396ef49dc1c,CONTROLS-2026-D,0.36,100,100.00,36,64,0.3600,0.6400,no,2026-02-12T15:23:12.19637Z,64.0
e5f0e1db-7ede-775f-67a7-8feafe32eeb9,CONTROLS-2026-D,0.36,200,200.00,36,64,0.3600,0.6400,no,2026-02-12T15:23:12.19637Z,128.0
5b4c1a16-0a09-74e3-5702-ab98bce8ade8,CONTROLS-2026-D,0.36,411,411.00,36,64,0.3600,0.6400,no,2026-02-12T15:23:12.19637Z,263.04
3c9c4920-b96b-7adb-6eff-22887807c3ea,CONTROLS-2026-D,0.36,25,25.00,36,64,0.3600,0.6400,no,2026-02-12T15:23:12.19637Z,16.0
355734f4-3b0e-7527-6780-1b6fa1a148df,CONTROLS-2026-D,0.36,147,147.00,36,64,0.3600,0.6400,no,2026-02-12T15:23:12.19637Z,94.08
bb88bec3-f22f-5909-b80c-71d718bd2ac3,KXCAWEALTHTAX-26,0.36,35,35.00,36,64,0.3600,0.6400,no,2026-02-12T15:22:49.505824Z,22.4
aa41cda1-4417-5a9f-a8e1-6dce0a33fba0,KXCAWEALTHTAX-26,0.37,22,22.00,37,63,0.3700,0.6300,no,2026-02-12T15:22:49.505824Z,13.86
7f7757ed-e2ae-7452-008a-775c309eab75,KXPRESPERSON-28-JVAN,0.25,19,19.00,25,75,0.2500,0.7500,yes,2026-02-12T15:22:18.968136Z,4.75
336595e0-e5ee-7eae-5a54-3e0ec625a7b1,KXPRESPERSON-28-JVAN,0.25,38,38.00,25,75,0.2500,0.7500,yes,2026-02-12T15:21:38.599875Z,9.5
5a20c118-d032-4d99-ddb8-d7a4f15afa8d,KXSAVEACT-27-JAN04,0.15,117,117.00,15,85,0.1500,0.8500,yes,2026-02-12T15:19:58.707007Z,17.55
28eb4e0a-c13c-7405-c8ba-f8e50e02d605,KXPAHLAVIHEAD-27JAN-RPAH,0.17,1000,1000.00,17,83,0.1700,0.8300,yes,2026-02-12T15:19:28.984971Z,170.0
792e0c5e-7a99-6663-7498-bbdf47f0cc4c,CONTROLS-2026-D,0.36,25,25.00,36,64,0.3600,0.6400,no,2026-02-12T15:18:39.097175Z,16.0
93e5a966-51f3-7be2-116f-bb00a7e14b26,KXPRESPERSON-28-GNEWS,0.21,225,225.00,21,79,0.2100,0.7900,yes,2026-02-12T15:17:03.45189Z,47.25
cacac846-c046-6b81-18a9-c34d5f625c55,KXSAVEACT-27-JAN04,0.15,629,629.00,15,85,0.1500,0.8500,yes,2026-02-12T15:16:32.213196Z,94.35
cf32b737-2857-78e3-d89e-02efcb1023b8,KXKHAMENEIOUT-AKHA-26APR01,0.16,39,39.00,16,84,0.1600,0.8400,no,2026-02-12T15:16:24.202902Z,32.76
175f7af0-3bec-523c-457b-49b6d82e657c,KXKHAMENEIOUT-AKHA-26JUL01,0.3,5,5.00,30,70,0.3000,0.7000,no,2026-02-12T15:15:39.305406Z,3.5
8ed7c905-e06f-750f-0133-2447e4abb611,KXKHAMENEIOUT-AKHA-26JUL01,0.31,15,15.00,31,69,0.3100,0.6900,yes,2026-02-12T15:15:38.319867Z,4.65
c0b7bb2e-748f-45aa-2b08-6024922ca1ce,KXTRUTHSOCIAL-26FEB14-T200,0.42,100,100.00,42,58,0.4200,0.5800,yes,2026-02-12T15:15:28.777732Z,42.0
f3417a70-6605-6431-613c-385fcaf1bcea,KXWARSHNOM-26FEB13-T0,0.05,985,985.00,5,95,0.0500,0.9500,yes,2026-02-12T15:14:58.561617Z,49.25
e8ba34b4-b84f-62e5-7f4e-15ea62054107,KXWARSHNOM-26FEB13-T0,0.05,100,100.00,5,95,0.0500,0.9500,yes,2026-02-12T15:14:58.561617Z,5.0
1d6de4cd-f1e3-6aa7-5694-707e077f9c3f,KXWARSHNOM-26FEB13-T0,0.05,100,100.00,5,95,0.0500,0.9500,yes,2026-02-12T15:14:58.561617Z,5.0
e1aad195-8ae6-42ad-521b-b766c57c7a95,KXSAVEACT-27-JAN04,0.15,125,125.00,15,85,0.1500,0.8500,yes,2026-02-12T15:14:48.196812Z,18.75
a9e8e78f-216c-7b4b-a3fa-db47cf7af744,KXDIAZOUT-MDC-26MAR01,0.1,2,2.00,10,90,0.1000,0.9000,no,2026-02-12T15:13:22.762814Z,1.8
3e3bb550-9704-4fc8-bb64-ea3ada8c9082,KXTRUTHSOCIAL-26FEB14-B190,0.29,32,32.00,29,71,0.2900,0.7100,yes,2026-02-12T15:12:58.367424Z,9.28
9f34b7f8-11ba-704a-7cef-4690ffeaa94d,KXWARSHNOM-26FEB20-T0,0.14,25,25.00,14,86,0.1400,0.8600,yes,2026-02-12T15:12:38.672238Z,3.5
4712c187-6e68-7912-7286-80e4a14aed93,KXWARSHNOM-26FEB20-T0,0.14,10,10.00,14,86,0.1400,0.8600,yes,2026-02-12T15:12:38.672238Z,1.4
cc002741-2280-7fba-4d8a-e25cb4a0fdf5,KXTRUTHSOCIAL-26FEB14-T200,0.41,2,2.00,41,59,0.4100,0.5900,no,2026-02-12T15:12:27.912073Z,1.18
0c427076-7c2e-7d6e-0fd6-4dae6e5551f9,KXPRESPERSON-28-JVAN,0.25,7,7.00,25,75,0.2500,0.7500,yes,2026-02-12T15:11:16.420101Z,1.75
d78e0dd0-6dfd-7181-a2d4-e77ab6e0bde6,KXPRESPERSON-28-WMOO,0.03,62,62.00,3,97,0.0300,0.9700,yes,2026-02-12T15:11:01.839346Z,1.86
bda8079d-3150-65e2-e2b5-30d925f93d80,KXPRESPERSON-28-SSMI,0.01,467,467.00,1,99,0.0100,0.9900,yes,2026-02-12T15:10:42.026898Z,4.67
fe067e79-2d6e-66a1-35f1-db9211a86171,KXSAVEACT-27-JAN04,0.15,138,138.00,15,85,0.1500,0.8500,yes,2026-02-12T15:10:30.251503Z,20.7
a488ac16-8691-607f-14b0-3f38d309eaee,KXSAVEACT-27-JAN04,0.14,26,26.00,14,86,0.1400,0.8600,yes,2026-02-12T15:10:30.251503Z,3.64
90155a9d-49e5-6c30-0e76-11f38b51d83c,KXSAVEACT-27-JAN04,0.14,153,153.00,14,86,0.1400,0.8600,yes,2026-02-12T15:10:30.251503Z,21.42
282c2996-ae6e-67d6-0da1-d3a7559edcc4,KXSAVEACT-27-JAN04,0.14,10,10.00,14,86,0.1400,0.8600,yes,2026-02-12T15:10:30.251503Z,1.4
e1b092ad-508f-727b-42dd-8f5f7cee785e,KXPRESPERSON-28-JOSS,0.04,6778,6778.00,4,96,0.0400,0.9600,yes,2026-02-12T15:10:16.422753Z,271.12
51f0a6dd-c8ed-752d-4857-d27d9021dd38,KXPRESPERSON-28-JOSS,0.04,2000,2000.00,4,96,0.0400,0.9600,yes,2026-02-12T15:10:16.422753Z,80.0
45dc498a-2c2e-74b7-620c-9bed635620e1,KXPRESPERSON-28-JOSS,0.04,4647,4647.00,4,96,0.0400,0.9600,yes,2026-02-12T15:10:16.422753Z,185.88
1362e2bf-faf6-73a9-44ac-9489912688a8,KXPRESPERSON-28-JOSS,0.04,10000,10000.00,4,96,0.0400,0.9600,yes,2026-02-12T15:10:16.422753Z,400.0
559eea52-1912-5fae-702d-f3193f37da25,KXVENEZUELALEADER2-26JUN01-DROD,0.78,1695,1695.00,78,22,0.7800,0.2200,yes,2026-02-12T15:09:59.997403Z,1322.1
444cd423-0014-5b1b-7ea9-af3813346349,KXVENEZUELALEADER2-26JUN01-DROD,0.77,721,721.00,77,23,0.7700,0.2300,yes,2026-02-12T15:09:59.997403Z,555.17
3da1a985-b61e-57bc-54c2-d24e5b3646f8,KXVENEZUELALEADER2-26JUN01-DROD,0.71,9,9.00,71,29,0.7100,0.2900,yes,2026-02-12T15:09:59.997403Z,6.39
0e09d564-a82c-573e-7008-124aa7cfbdeb,KXVENEZUELALEADER2-26JUN01-DROD,0.72,222,222.00,72,28,0.7200,0.2800,yes,2026-02-12T15:09:59.997403Z,159.84
c4f6b185-236c-6ef8-b95e-453092251236,KXTRUTHSOCIAL-26FEB14-B190,0.29,32,32.00,29,71,0.2900,0.7100,yes,2026-02-12T15:09:45.744374Z,9.28
9ac4d553-5850-4cd0-5b5c-f6270820d52c,CONTROLH-2026-R,0.23,825,825.00,23,77,0.2300,0.7700,yes,2026-02-12T15:09:42.903962Z,189.75
6cf24b4c-0a8d-5f60-63a0-a40a6674963c,KXSAVEACT-27-JAN04,0.14,134,134.00,14,86,0.1400,0.8600,yes,2026-02-12T15:09:05.53726Z,18.76
5fc218c1-19e2-7e07-3af5-64c0e4e4ae57,KXVENEZUELALEADER2-26JUN01-DROD,0.71,6,6.00,71,29,0.7100,0.2900,yes,2026-02-12T15:09:03.599251Z,4.26
f6f35e95-cf71-6e44-9996-17471773fae8,KXTRUTHSOCIAL-26FEB14-B169,0.09,83,83.00,9,91,0.0900,0.9100,no,2026-02-12T15:08:40.908539Z,75.53
ec6e1a47-0465-60ee-93d4-2ce3907e3e25,KXTRUTHSOCIAL-26FEB14-B169,0.11,145,145.00,11,89,0.1100,0.8900,no,2026-02-12T15:08:40.908539Z,129.05
6f26c3e3-7777-6a95-8581-9d96bafa6b97,KXTRUTHSOCIAL-26FEB14-B169,0.1,8,8.00,10,90,0.1000,0.9000,no,2026-02-12T15:08:40.908539Z,7.2
5cf3bef1-3ed5-6eb2-a036-cf0c24af4611,KXTRUTHSOCIAL-26FEB14-B169,0.12,99,99.00,12,88,0.1200,0.8800,no,2026-02-12T15:08:40.908539Z,87.12
0f6c875a-f13d-6c1b-ab67-8a1507c93d32,KXTRUTHSOCIAL-26FEB14-B169,0.09,147,147.00,9,91,0.0900,0.9100,no,2026-02-12T15:08:40.908539Z,133.77
8982ea60-9875-6c70-e785-ebf1c68056e0,KXSAVEACT-27-JAN04,0.14,336,336.00,14,86,0.1400,0.8600,yes,2026-02-12T15:08:39.155014Z,47.04
f4973109-2bab-47bb-72c1-ab9f308df5c8,KXTRUTHSOCIAL-26FEB14-B149,0.12,200,200.00,12,88,0.1200,0.8800,no,2026-02-12T15:08:30.352949Z,176.0
cbc79fbd-3bc2-41d3-7988-74d831724d4d,KXTRUTHSOCIAL-26FEB14-B149,0.11,189,189.00,11,89,0.1100,0.8900,no,2026-02-12T15:08:30.352949Z,168.21
4c90944f-75e2-4485-4996-52ed9b9da623,KXTRUTHSOCIAL-26FEB14-B149,0.12,121,121.00,12,88,0.1200,0.8800,no,2026-02-12T15:08:30.352949Z,106.48
ad1dbfa9-5679-5aec-2db8-bfadfbdafa80,KXSAVEACT-27-JAN04,0.14,10,10.00,14,86,0.1400,0.8600,yes,2026-02-12T15:08:25.794166Z,1.4
eaad79ed-b369-7de8-19f5-d29bad2b212b,KXCAWEALTHTAX-26,0.38,3,3.00,38,62,0.3800,0.6200,no,2026-02-12T15:08:24.182799Z,1.86
64705f49-adf5-7659-3ca4-b18bb2122953,KXCAWEALTHTAX-26,0.38,4,4.00,38,62,0.3800,0.6200,no,2026-02-12T15:08:24.182799Z,2.48
55a3d985-a135-6a8c-2b59-b404bc966878,KXSAVEACT-27-JAN04,0.14,67,67.00,14,86,0.1400,0.8600,yes,2026-02-12T15:08:00.016525Z,9.38
b567cb33-7e15-5fa0-c663-9efaca0afd14,KXSAVEACT-27-JAN04,0.14,242,242.00,14,86,0.1400,0.8600,yes,2026-02-12T15:07:50.574645Z,33.88
ea1c923b-490e-5483-8240-f3080361bb3a,CONTROLH-2026-D,0.77,11,11.00,77,23,0.7700,0.2300,no,2026-02-12T15:07:14.023535Z,2.53
d35c5094-8662-4558-3f5e-5113ca60bc65,KXSENATEMED-26-GRA,0.68,5,5.00,68,32,0.6800,0.3200,yes,2026-02-12T15:07:04.165489Z,3.4
e70a1f17-f176-5fd4-759a-cdc6dda7c91d,KXSENATEMED-26-GRA,0.68,71,71.00,68,32,0.6800,0.3200,yes,2026-02-12T15:07:03.208013Z,48.28
29476da2-f6da-5ab8-2fd3-6c9e17b046ff,KXKHAMENEIOUT-AKHA-26SEP01,0.38,189,189.00,38,62,0.3800,0.6200,yes,2026-02-12T15:05:48.462424Z,71.82
63082ed7-3def-752f-a71e-66b1f5343485,KXDIAZOUT-MDC-26APR01,0.24,5,5.00,24,76,0.2400,0.7600,yes,2026-02-12T15:04:04.600901Z,1.2
4a88df6d-ba13-6eb2-4bbd-8980826d3586,KXGREENLANDPRICE-29JAN21-749B,0.07,167,167.00,7,93,0.0700,0.9300,no,2026-02-12T15:04:00.385814Z,155.31
fb644e73-e393-48d8-baf5-f9ed7f5082cd,KXKHAMENEIOUT-AKHA-26SEP01,0.37,12,12.00,37,63,0.3700,0.6300,no,2026-02-12T15:03:58.679311Z,7.56
c4e1ea69-dd57-510e-561a-692254c94467,CONTROLS-2026-R,0.63,30,30.00,63,37,0.6300,0.3700,no,2026-02-12T15:02:09.691148Z,11.1
76edb782-651a-66e2-d723-47d00e995b30,KXPRESPERSON-28-JSHA,0.05,187,187.00,5,95,0.0500,0.9500,yes,2026-02-12T15:01:59.571404Z,9.35
a20a2dda-63e5-429a-07c4-01ac7de996c9,KXBARIWEISSOUT-25DEC23-BWEI-26MAR01,0.05,66,66.00,5,95,0.0500,0.9500,yes,2026-02-12T15:01:53.504413Z,3.3
8b9f00ba-b98d-4d24-38e3-97703b36baa6,KXBARIWEISSOUT-25DEC23-BWEI-26MAR01,0.05,20,20.00,5,95,0.0500,0.9500,yes,2026-02-12T15:01:53.504413Z,1.0
3e3335a0-7e84-52f8-9db4-bb2503050f70,KXLAGODAYS-26FEB-3,0.15,45,45.00,15,85,0.1500,0.8500,yes,2026-02-12T15:01:27.132267Z,6.75
df830f33-4dde-4dd0-fde9-0c0fe72079ee,KXSAVEACT-27-JAN04,0.14,46,46.00,14,86,0.1400,0.8600,no,2026-02-12T15:01:11.263868Z,39.56
c3f6e477-ae56-6f01-f5bf-f1f01537a71a,KXPRESPERSON-28-MRUB,0.1,47,47.00,10,90,0.1000,0.9000,yes,2026-02-12T15:00:15.666883Z,4.7
fbdc876a-d280-7184-f36d-136fb6af48dc,KXKHAMENEIOUT-AKHA-26JUL01,0.3,5,5.00,30,70,0.3000,0.7000,no,2026-02-12T14:59:14.480336Z,3.5
85c21815-0277-48bb-c2da-7f5808abc23d,KXKHAMENEIOUT-AKHA-26JUL01,0.31,15,15.00,31,69,0.3100,0.6900,yes,2026-02-12T14:59:13.537422Z,4.65
b493cc56-cb8f-7a9d-1013-4a52333b880a,KXTRDBAN-25DEC31-27,0.17,31,31.00,17,83,0.1700,0.8300,yes,2026-02-12T14:59:02.896035Z,5.27
57371bb0-39d7-430b-0dbd-25f01c60590d,KXELECTIONBILL-27JAN01,0.33,11,11.00,33,67,0.3300,0.6700,yes,2026-02-12T14:58:54.55459Z,3.63
4859d22e-29b2-4ac3-3ece-8e958680355c,KXELECTIONBILL-27JAN01,0.32,8,8.00,32,68,0.3200,0.6800,yes,2026-02-12T14:58:54.55459Z,2.56
2abbb326-a516-7be9-496b-57d9982c9ba5,KXSAVEACT-27-JAN04,0.15,12,12.00,15,85,0.1500,0.8500,yes,2026-02-12T14:58:52.575697Z,1.8
8bd6fc78-ed4f-50ba-7588-9729b3af29ae,KXPRESPERSON-28-GNEWS,0.21,22,22.00,21,79,0.2100,0.7900,yes,2026-02-12T14:58:46.763007Z,4.62
1c879bb3-01d5-483a-c4a4-ba35dcfd1184,KXGREENTERRITORY-29-27,0.18,26,26.00,18,82,0.1800,0.8200,yes,2026-02-12T14:58:18.679205Z,4.68
aad003e8-cc36-5b16-1a30-31fb3ec5d3f5,KXPRESPERSON-28-JVAN,0.25,19,19.00,25,75,0.2500,0.7500,yes,2026-02-12T14:58:07.775588Z,4.75
fecd9203-de8a-6756-35dd-419e6f5bcebd,KXPRESPERSON-28-JVAN,0.25,21,21.00,25,75,0.2500,0.7500,yes,2026-02-12T14:58:00.07395Z,5.25
44f127ef-bb09-4e62-cb55-cb3888e1dafa,KXSAVEACT-27-JAN04,0.14,67,67.00,14,86,0.1400,0.8600,yes,2026-02-12T14:57:24.693141Z,9.38
cd2d4566-0792-6589-d42c-a70aec653b32,KXNYTHEAD-26FEB-T1,0.24,9,9.00,24,76,0.2400,0.7600,yes,2026-02-12T14:57:19.445007Z,2.16
853d7702-4740-5ecf-3796-ec2569908cc1,KXELECTIONBILL-27JAN01,0.32,21,21.00,32,68,0.3200,0.6800,yes,2026-02-12T14:56:52.951776Z,6.72
7ca5b1e8-c17e-53a7-12f5-702a931ab084,KXELECTIONBILL-27JAN01,0.32,37,37.00,32,68,0.3200,0.6800,yes,2026-02-12T14:56:52.951776Z,11.84
995993df-3e3a-5cc0-7f20-5f8d8851789d,KXGORDONDENTONBY-26MAR01-MGOO,0.23,85,85.00,23,77,0.2300,0.7700,yes,2026-02-12T14:55:49.041182Z,19.55
859e2ae4-2cf6-5f55-67f1-d7b5959b3e03,KXGORDONDENTONBY-26MAR01-MGOO,0.23,1999,1999.00,23,77,0.2300,0.7700,yes,2026-02-12T14:55:49.041182Z,459.77
f7917d50-a97e-6c80-d2f3-4981b879673b,KXSAVEACT-27-JAN04,0.13,11,11.00,13,87,0.1300,0.8700,no,2026-02-12T14:55:47.107979Z,9.57
ce03fd1c-8482-6688-d9a2-e94063dc2f09,KXSAVEACT-27-JAN04,0.13,3,3.00,13,87,0.1300,0.8700,no,2026-02-12T14:55:47.107979Z,2.61
7dd41bc7-9b3b-6fd9-e8d5-3ad29a6ec2f1,KXSAVEACT-27-JAN04,0.14,2,2.00,14,86,0.1400,0.8600,no,2026-02-12T14:55:47.107979Z,1.72
33979672-1bfe-63a4-d639-695b1c72a389,KXSAVEACT-27-JAN04,0.13,38,38.00,13,87,0.1300,0.8700,no,2026-02-12T14:55:47.107979Z,33.06
2ed745de-8bb8-62bf-fc83-630687006870,KXSAVEACT-27-JAN04,0.12,4,4.00,12,88,0.1200,0.8800,no,2026-02-12T14:55:47.107979Z,3.52
25887c0d-4a6d-6bf6-e4eb-6e9b0b374350,KXSAVEACT-27-JAN04,0.13,9,9.00,13,87,0.1300,0.8700,no,2026-02-12T14:55:47.107979Z,7.83
0e7d2789-c46e-6263-e6ea-77b61dadce70,KXSAVEACT-27-JAN04,0.12,58,58.00,12,88,0.1200,0.8800,no,2026-02-12T14:55:47.107979Z,51.04
836d9528-e25a-55fd-de32-4842d45618d1,KXSAVEACT-27-JAN04,0.15,125,125.00,15,85,0.1500,0.8500,yes,2026-02-12T14:55:36.36321Z,18.75
14ba966a-8195-4994-b8d1-dbdaaa8839d0,CONTROLH-2026-D,0.78,6,6.00,78,22,0.7800,0.2200,yes,2026-02-12T14:55:17.332151Z,4.68
160eed92-771e-49bd-06e4-93d440bb2409,KXSAVEACT-27-JAN04,0.15,125,125.00,15,85,0.1500,0.8500,yes,2026-02-12T14:54:42.161375Z,18.75
568e7589-225e-7831-5498-2caaa27a6a15,KXSAVEACT-27-JAN04,0.15,31,31.00,15,85,0.1500,0.8500,yes,2026-02-12T14:54:35.552384Z,4.65
4954f439-cd78-5cc3-4458-d46b3be6e79d,KXNYTHEAD-26FEB-T0,0.35,5,5.00,35,65,0.3500,0.6500,yes,2026-02-12T14:53:20.816891Z,1.75
a6643d25-ec78-64ea-bb59-055bacb73831,KXTRUTHSOCIAL-26FEB14-T200,0.38,2,2.00,38,62,0.3800,0.6200,no,2026-02-12T14:53:14.31699Z,1.24
baa6a58f-4be4-4aa0-4a98-ac21587befb4,KXKHAMENEIOUT-AKHA-26JUL01,0.3,5,5.00,30,70,0.3000,0.7000,no,2026-02-12T14:51:53.822664Z,3.5
6027193b-a3a3-56bf-c75b-fa5690ad24d5,KXKHAMENEIOUT-AKHA-26JUL01,0.31,76,76.00,31,69,0.3100,0.6900,yes,2026-02-12T14:51:52.831795Z,23.56
c46a6a53-6cd2-5af9-f57a-4512938d9755,CONTROLS-2026-R,0.64,100,100.00,64,36,0.6400,0.3600,yes,2026-02-12T14:51:24.441499Z,64.0
098cb8c3-565e-54cd-c5a7-cd9bfe1d7d65,KXSAVEACT-27-JAN04,0.15,440,440.00,15,85,0.1500,0.8500,yes,2026-02-12T14:48:13.670008Z,66.0
3fd1458d-b8c6-4191-582a-857567412439,KXSAVEACT-27-JAN04,0.15,100,100.00,15,85,0.1500,0.8500,yes,2026-02-12T14:48:12.2624Z,15.0
5ad76f34-f446-4e05-7e33-55ff4455df95,KXSAVEACT-27-JAN04,0.15,31,31.00,15,85,0.1500,0.8500,yes,2026-02-12T14:47:59.728331Z,4.65
a2a678cf-1eb3-71e3-d98c-c880c49adb2e,KXPRESPERSON-28-JOSS,0.04,585,585.00,4,96,0.0400,0.9600,yes,2026-02-12T14:46:55.169458Z,23.4
5e7f475d-5639-4aa8-806a-dc36dac714d7,KXWARSHNOM-26MAR01-T0,0.56,37,37.00,56,44,0.5600,0.4400,no,2026-02-12T14:45:21.346804Z,16.28
419f1222-1760-72d3-2f5f-8af2d556ca59,KXKHAMENEIOUT-AKHA-26APR01,0.17,60,60.00,17,83,0.1700,0.8300,yes,2026-02-12T14:45:04.255119Z,10.2
e3cc5d42-07ee-48c6-dcdf-827a87f1a4bd,KXPRESPERSON-28-JVAN,0.25,19,19.00,25,75,0.2500,0.7500,yes,2026-02-12T14:44:27.741293Z,4.75
5cf012e9-e3eb-7156-4981-723cb0865162,KXPRESPERSON-28-GNEWS,0.21,212,212.00,21,79,0.2100,0.7900,yes,2026-02-12T14:44:26.396738Z,44.52
e8126af9-387b-6e3c-9ee3-a0ba7c733847,KXTRUTHSOCIAL-26FEB14-B109,0.03,5,5.00,3,97,0.0300,0.9700,no,2026-02-12T14:42:00.788186Z,4.85
6840f44f-a76a-6ac2-b0cb-f8cf94bc4ff3,KXCAWEALTHTAX-26,0.39,24,24.00,39,61,0.3900,0.6100,yes,2026-02-12T14:41:17.203091Z,9.36
2a65a833-967e-5ae1-9bfa-063edfd79ab1,KXSAVEACT-27-JAN04,0.15,629,629.00,15,85,0.1500,0.8500,yes,2026-02-12T14:41:12.923135Z,94.35
870f7645-6606-681d-f9a0-80c884832f5d,KXSAVEACT-27-JAN04,0.15,23,23.00,15,85,0.1500,0.8500,yes,2026-02-12T14:38:16.743409Z,3.45
5f8c349d-2b1a-682f-fec3-1b5ed45739d2,KXSAVEACT-27-JAN04,0.14,9,9.00,14,86,0.1400,0.8600,yes,2026-02-12T14:38:16.743409Z,1.26
a635a7f4-0efe-7a6f-43e7-17799947f99c,KXGREENTERRITORY-29,0.42,22,22.00,42,58,0.4200,0.5800,no,2026-02-12T14:37:57.960484Z,12.76
c478911f-865f-5107-f2a0-5666298dd860,KXSAVEACT-27-JAN04,0.13,18,18.00,13,87,0.1300,0.8700,no,2026-02-12T14:36:24.797525Z,15.66
a428df7a-c8b3-53e2-fb31-f39fb31498d2,KXSAVEACT-27-JAN04,0.13,3,3.00,13,87,0.1300,0.8700,no,2026-02-12T14:36:24.797525Z,2.61
78b5f49c-fc37-531c-e965-d552f325f998,KXSAVEACT-27-JAN04,0.13,5,5.00,13,87,0.1300,0.8700,no,2026-02-12T14:36:24.797525Z,4.35
4ac46f61-b53a-554b-d04a-f496e5472fd0,KXSAVEACT-27-JAN04,0.12,2,2.00,12,88,0.1200,0.8800,no,2026-02-12T14:36:24.797525Z,1.76
e5dfb901-219b-5543-8bbe-777087e60ab5,KXKHAMENEIOUT-AKHA-26JUL01,0.31,8,8.00,31,69,0.3100,0.6900,yes,2026-02-12T14:35:21.409562Z,2.48
f1856c4c-3be6-7629-4ea3-6d577c3ef429,KXSAVEACT-27-JAN04,0.15,40,40.00,15,85,0.1500,0.8500,yes,2026-02-12T14:34:29.993359Z,6.0
60314e51-ae46-75d5-5891-d09bdb9f4c69,KXSAVEACT-27-JAN04,0.15,31,31.00,15,85,0.1500,0.8500,yes,2026-02-12T14:33:37.87774Z,4.65
dc5e9006-cf60-73dd-1709-942e88bdf982,KXSAVEACT-27-JAN04,0.13,4,4.00,13,87,0.1300,0.8700,no,2026-02-12T14:33:18.849477Z,3.48
1b3d2b5d-5a42-7f5b-7a66-ef9eb0f138de,CONTROLH-2026-D,0.77,5,5.00,77,23,0.7700,0.2300,no,2026-02-12T14:32:19.823483Z,1.15
8b4381f4-beb6-6301-9bf0-2870e7bee815,KXSAVEACT-27-JAN04,0.15,31,31.00,15,85,0.1500,0.8500,yes,2026-02-12T14:32:17.87943Z,4.65
c3f08f45-e3cc-7053-170f-74c4ede935b5,KXKHAMENEIOUT-AKHA-26APR01,0.17,69,69.00,17,83,0.1700,0.8300,yes,2026-02-12T14:31:51.309882Z,11.73
00469f5b-f240-67fb-2824-d3862f49dcf9,KXKHAMENEIOUT-AKHA-26MAR01,0.06,93,93.00,6,94,0.0600,0.9400,no,2026-02-12T14:30:27.025388Z,87.42
2afa5563-3e09-6e89-d15d-3bbe30e0353f,KXPRESPERSON-28-JVAN,0.24,190,190.00,24,76,0.2400,0.7600,no,2026-02-12T14:29:50.725479Z,144.4
e76dd72d-232a-4d43-0c5b-024e9b1a0cfa,KXELECTIONBILL-27JAN01,0.31,25,25.00,31,69,0.3100,0.6900,no,2026-02-12T14:29:43.897262Z,17.25
91f2916a-c75c-4e5e-1cbf-a6dfe0672f68,KXELECTIONBILL-27JAN01,0.31,3,3.00,31,69,0.3100,0.6900,no,2026-02-12T14:29:43.897262Z,2.07
dde2f982-a9c4-41e6-0a56-dc21dcc55390,KXELECTIONBILL-26MAY01,0.16,23,23.00,16,84,0.1600,0.8400,no,2026-02-12T14:29:27.80517Z,19.32
b8c65457-d9a4-4617-ab8f-f1ca01e92b15,KXKHAMENEIOUT-AKHA-26APR01,0.17,55,55.00,17,83,0.1700,0.8300,yes,2026-02-12T14:29:07.417031Z,9.35
0a2da82c-db24-5a60-ecef-4c46037bf114,CONTROLH-2026-R,0.23,103,103.00,23,77,0.2300,0.7700,yes,2026-02-12T14:29:02.695979Z,23.69
5ebaa033-2c12-7f9e-07c6-2f29b874bb45,KXPRESPERSON-28-JVAN,0.25,190,190.00,25,75,0.2500,0.7500,yes,2026-02-12T14:29:01.368526Z,47.5
12fd4861-1f92-441e-8b61-00f4e71ce1b9,KXPRESPERSON-28-JVAN,0.25,38,38.00,25,75,0.2500,0.7500,yes,2026-02-12T14:28:36.879647Z,9.5
63ff4d1e-90a6-6c51-2fcb-edbd745d6b85,KXSAVEACT-27-JAN04,0.15,157,157.00,15,85,0.1500,0.8500,yes,2026-02-12T14:27:05.420279Z,23.55
b24bde65-75e7-5f86-10d2-db150f6bb6cb,KX14AMENDCASE-26-AUG,0.07,144,144.00,7,93,0.0700,0.9300,yes,2026-02-12T14:26:54.774916Z,10.08
a9ec767d-09be-52eb-298e-42d0d2810a5a,KX14AMENDCASE-26-AUG,0.06,75,75.00,6,94,0.0600,0.9400,yes,2026-02-12T14:26:54.774916Z,4.5
4814dd3e-202e-5659-17b3-2c012d35eb97,KX14AMENDCASE-26-AUG,0.07,126,126.00,7,93,0.0700,0.9300,yes,2026-02-12T14:26:54.774916Z,8.82
17b2d2e0-3e7e-4ec5-3f4b-fec535e37c9d,KXSAVEACT-27-JAN04,0.15,188,188.00,15,85,0.1500,0.8500,yes,2026-02-12T14:26:29.345808Z,28.2
a56bfd1c-87d4-6287-9b5e-5bc68132f369,KXKHAMENEIOUT-AKHA-26MAR01,0.06,8,8.00,6,94,0.0600,0.9400,no,2026-02-12T14:26:18.961003Z,7.52
7a2555aa-9b06-5725-d7e9-2883b65385b5,KXSAVEACT-27-JAN04,0.15,157,157.00,15,85,0.1500,0.8500,yes,2026-02-12T14:25:54.998472Z,23.55
a1d0b379-65c4-4b40-18cc-608557675976,KXTRUTHSOCIAL-26FEB14-B190,0.29,49,49.00,29,71,0.2900,0.7100,yes,2026-02-12T14:24:41.908839Z,14.21
af55461f-c9ed-5e00-5813-27012b3c34fc,CONTROLH-2026-D,0.78,12,12.00,78,22,0.7800,0.2200,yes,2026-02-12T14:24:38.675556Z,9.36
c233910a-3cd2-6c59-c434-6cc2239037f1,KXSAVEACT-27-JAN04,0.15,155,155.00,15,85,0.1500,0.8500,yes,2026-02-12T14:23:41.825352Z,23.25
cd9b168c-f79e-7dbb-a603-e6de6b9b561e,CONTROLH-2026-D,0.77,12,12.00,77,23,0.7700,0.2300,no,2026-02-12T14:23:40.697453Z,2.76
f3462b21-99cc-6ce3-0817-f1ffc701c8fd,KXGORDONDENTONBY-26MAR01-MGOO,0.22,20,20.00,22,78,0.2200,0.7800,no,2026-02-12T14:22:27.839657Z,15.6
7757f5aa-834e-6df9-33f3-43cf93537694,KXGORDONDENTONBY-26MAR01-MGOO,0.22,10,10.00,22,78,0.2200,0.7800,no,2026-02-12T14:22:27.839657Z,7.8
5a758ad8-e19a-4845-f824-8e46fe950975,CONTROLS-2026-R,0.64,15,15.00,64,36,0.6400,0.3600,yes,2026-02-12T14:22:11.468237Z,9.6
1bcb51b9-8de0-7402-3f63-4184374d0177,KXGORDONDENTONBY-26MAR01-HSPE,0.7,43,43.00,70,30,0.7000,0.3000,no,2026-02-12T14:21:38.819668Z,12.9
fa2393d1-3b66-6425-603a-7e7b03169305,KXSAVEACT-27-JAN04,0.15,58,58.00,15,85,0.1500,0.8500,yes,2026-02-12T14:21:15.223919Z,8.7
c6dbd377-1a9e-65f1-87dd-3305970ec959,KXSAVEACT-27-JAN04,0.15,157,157.00,15,85,0.1500,0.8500,yes,2026-02-12T14:21:09.013112Z,23.55
14370006-5b87-475d-137e-2e4e308a0b97,KXGORDONDENTONBY-26MAR01-HSPE,0.7,161,161.00,70,30,0.7000,0.3000,yes,2026-02-12T14:21:04.064217Z,112.7
f43847ae-de37-4219-3422-718aa78291a3,KXGORDONDENTONBY-26MAR01-HSPE,0.7,43,43.00,70,30,0.7000,0.3000,yes,2026-02-12T14:21:00.594325Z,30.1
e2464edb-d3aa-7373-47a8-1a86e84db00c,KXSAVEACT-27-JAN04,0.12,10,10.00,12,88,0.1200,0.8800,no,2026-02-12T14:20:33.728444Z,8.8
0ce2f55d-252e-55fd-caca-4e7ffe5eb001,KXSAVEACT-27-JAN04,0.15,31,31.00,15,85,0.1500,0.8500,yes,2026-02-12T14:20:22.354999Z,4.65
310a9043-c0cd-6c5d-1791-0da63c9de884,KXSAVEACT-27-JAN04,0.14,134,134.00,14,86,0.1400,0.8600,yes,2026-02-12T14:19:03.201915Z,18.76
880e6708-0fd3-48ce-0c9a-0d0d548b736e,KXPRESPERSON-28-GNEWS,0.21,22,22.00,21,79,0.2100,0.7900,yes,2026-02-12T14:18:21.467018Z,4.62
a517299e-9da0-6b7b-5562-8ae5b6fce775,KXELECTIONBILL-27JAN01,0.32,4,4.00,32,68,0.3200,0.6800,yes,2026-02-12T14:17:34.727565Z,1.28
77003bf3-3b4a-53a4-d62c-d0f555a7d793,KXKHAMENEIOUT-AKHA-26SEP01,0.38,252,252.00,38,62,0.3800,0.6200,yes,2026-02-12T14:17:17.453274Z,95.76
7446a2e8-950a-4d71-dd48-0cbea0e914e5,KXSAVEACT-27-JAN04,0.15,50,50.00,15,85,0.1500,0.8500,yes,2026-02-12T14:16:49.577597Z,7.5
85f2bfbc-d011-676b-3544-18e9090ced40,KXSAVEACT-27-JAN04,0.13,10,10.00,13,87,0.1300,0.8700,no,2026-02-12T14:16:16.127184Z,8.7
5e112bb5-b5ee-6633-0c77-066474fa9210,KXSAVEACT-27-JAN04,0.12,107,107.00,12,88,0.1200,0.8800,no,2026-02-12T14:16:16.127184Z,94.16
41645560-6b11-6abb-22b2-c62ce52af223,KXSAVEACT-27-JAN04,0.13,12,12.00,13,87,0.1300,0.8700,no,2026-02-12T14:16:16.127184Z,10.44
14cfa4f8-a322-6cdc-2f45-41cfeb73ea6f,KXSAVEACT-27-JAN04,0.13,5,5.00,13,87,0.1300,0.8700,no,2026-02-12T14:16:16.127184Z,4.35
fddd909e-c391-717f-1023-4b57f5770162,KXTRUTHSOCIAL-26FEB14-T200,0.38,2,2.00,38,62,0.3800,0.6200,no,2026-02-12T14:16:10.616036Z,1.24
9b675832-c0d3-7d86-3346-83cd9cd62986,KXTRUTHSOCIAL-26FEB14-T200,0.38,2,2.00,38,62,0.3800,0.6200,no,2026-02-12T14:16:10.616036Z,1.24
27c581b1-20ea-7821-1182-b4b2a2d7abd8,KXTRUTHSOCIAL-26FEB14-T200,0.38,2,2.00,38,62,0.3800,0.6200,no,2026-02-12T14:16:10.616036Z,1.24
36b7a25c-2558-59ab-085d-f99faf3a2f02,KXDHOUSESEATS-27-244,0.07,67,67.00,7,93,0.0700,0.9300,yes,2026-02-12T14:15:55.946647Z,4.69
c247fcd4-e3c2-4ae7-7485-5a8100ff102b,KXSENATEILD-26-RKEL,0.02,58,58.00,2,98,0.0200,0.9800,yes,2026-02-12T14:15:23.313145Z,1.16
2d4db8d0-6dc2-42d8-6968-4b6e3f16b7ab,KXSENATEILD-26-RKEL,0.03,1521,1521.00,3,97,0.0300,0.9700,yes,2026-02-12T14:15:23.313145Z,45.63
10adbf75-d6fa-4315-32f8-6aa1ce4d26b5,KXSAVEACT-27-JAN04,0.15,12,12.00,15,85,0.1500,0.8500,yes,2026-02-12T14:14:43.120913Z,1.8
5033a8f2-542a-6bd5-b923-ac01f06b7c49,KXSAVEACT-27-JAN04,0.15,297,297.00,15,85,0.1500,0.8500,yes,2026-02-12T14:14:34.203416Z,44.55
a1fe0a44-23fa-6545-b628-a97b51de1e85,KXSAVEACT-27-JAN04,0.15,31,31.00,15,85,0.1500,0.8500,yes,2026-02-12T14:13:49.854893Z,4.65
c8f2109c-8c4a-43b1-a28e-661dfee5aead,KXSAVEACT-27-JAN04,0.15,629,629.00,15,85,0.1500,0.8500,yes,2026-02-12T14:13:34.184772Z,94.35
26ca0c54-50da-59a5-2967-60b6accf80ad,KXSAVEACT-27-JAN04,0.15,62,62.00,15,85,0.1500,0.8500,yes,2026-02-12T14:13:23.101107Z,9.3
28199205-f2ba-4c4d-980a-a25323bc00ed,KXSAVEACT-27-JAN04,0.15,62,62.00,15,85,0.1500,0.8500,yes,2026-02-12T14:08:50.949074Z,9.3
b75fc2f9-371b-70d4-d9c0-6224c20579da,KXSAVEACT-27-JAN04,0.14,17,17.00,14,86,0.1400,0.8600,no,2026-02-12T14:07:34.714341Z,14.62
a6726a4f-4d1a-7ff2-b41e-fcbd1a6b3b45,KXPRESPERSON-28-JVAN,0.25,380,380.00,25,75,0.2500,0.7500,yes,2026-02-12T14:05:28.378315Z,95.0
e8bf2389-49ae-6e16-7ed4-65ca39a37fd3,KXKHAMENEIOUT-AKHA-26SEP01,0.37,126,126.00,37,63,0.3700,0.6300,no,2026-02-12T14:05:25.32502Z,79.38
9dbf04f7-35d3-7a98-9571-341926381154,CONTROLS-2026-D,0.37,5,5.00,37,63,0.3700,0.6300,yes,2026-02-12T14:04:03.548714Z,1.85
f6d266dc-eb7a-5777-c86d-f87e6fdae230,KXGREENTERRITORY-29,0.42,10,10.00,42,58,0.4200,0.5800,no,2026-02-12T14:01:48.913737Z,5.8
e937ccd4-533a-7f71-4c0e-27675c5ff775,KXSAVEACT-27-JAN04,0.15,29,29.00,15,85,0.1500,0.8500,yes,2026-02-12T14:01:16.013301Z,4.35
38303d1f-e5a9-652d-939c-172fa7368f9a,KXKHAMENEIOUT-AKHA-26MAR01,0.07,36,36.00,7,93,0.0700,0.9300,yes,2026-02-12T14:01:05.21432Z,2.52
d066c964-440f-4796-57fe-36fb1480ea32,KXPRESPERSON-28-GNEWS,0.21,22,22.00,21,79,0.2100,0.7900,yes,2026-02-12T13:59:21.582403Z,4.62
f679e568-c9bd-4ff8-4fe2-bc17537445a4,CONTROLH-2026-D,0.78,5,5.00,78,22,0.7800,0.2200,yes,2026-02-12T13:59:17.47186Z,3.9
ae3de170-4da7-4528-09be-eb1e5e79dd15,KXSAVEACT-27-JAN04,0.14,17,17.00,14,86,0.1400,0.8600,yes,2026-02-12T13:57:03.677651Z,2.38
6a9491fe-2e9e-449d-3de1-16c196571769,KXSAVEACT-27-JAN04,0.15,15,15.00,15,85,0.1500,0.8500,yes,2026-02-12T13:57:03.677651Z,2.25
8c85a37c-9db2-45b9-1f95-b4997a3c03e1,CONTROLS-2026-R,0.64,7,7.00,64,36,0.6400,0.3600,yes,2026-02-12T13:56:56.499419Z,4.48
6481344f-6d35-6e40-053c-21ba331c25bc,CONTROLH-2026-D,0.78,100,100.00,78,22,0.7800,0.2200,yes,2026-02-12T13:56:40.567349Z,78.0
2dbfe5aa-9e0f-6b04-a277-f143212af909,KXSAVEACT-27-JAN04,0.13,62,62.00,13,87,0.1300,0.8700,no,2026-02-12T13:56:31.47834Z,53.94
3f502426-efc6-61ad-a89c-7ef029d1c9ed,KXSAVEACT-27-JAN04,0.15,125,125.00,15,85,0.1500,0.8500,yes,2026-02-12T13:55:41.559881Z,18.75
94119d0f-7542-6cfe-00f7-dc9d60214966,KXSAVEACT-27-JAN04,0.14,10,10.00,14,86,0.1400,0.8600,yes,2026-02-12T13:51:06.250727Z,1.4
b025362b-6302-56fb-3c87-28f04f2e5c07,KXSAVEACT-27-JAN04,0.14,51,51.00,14,86,0.1400,0.8600,yes,2026-02-12T13:49:33.526657Z,7.14
0b27eb28-8d1e-5ae1-240a-c2b288737669,KXSAVEACT-27-JAN04,0.15,78,78.00,15,85,0.1500,0.8500,yes,2026-02-12T13:49:33.526657Z,11.7
4443f09e-432b-5040-a73b-365e95b69bcc,CONTROLS-2026-D,0.37,10,10.00,37,63,0.3700,0.6300,yes,2026-02-12T13:48:56.634812Z,3.7
c62f20f3-9474-48d6-6a69-43d653915c43,KXSAVEACT-27-JAN04,0.14,36,36.00,14,86,0.1400,0.8600,yes,2026-02-12T13:48:29.836435Z,5.04
8f0a166f-3c1a-45d5-41ab-90aa40169b35,KXSAVEACT-27-JAN04,0.15,75,75.00,15,85,0.1500,0.8500,yes,2026-02-12T13:48:29.836435Z,11.25
9259d592-3789-6b7a-2293-c35eb01a450c,KXELECTIONBILL-26MAY01,0.18,27,27.00,18,82,0.1800,0.8200,no,2026-02-12T13:48:09.221336Z,22.14
5ec25724-cfc8-6406-18ac-b1b8f151299c,KXELECTIONBILL-26MAY01,0.17,67,67.00,17,83,0.1700,0.8300,no,2026-02-12T13:48:09.221336Z,55.61
0d0da145-58cd-6b8e-31c5-ad44190f4654,KXELECTIONBILL-26MAY01,0.17,25,25.00,17,83,0.1700,0.8300,no,2026-02-12T13:48:09.221336Z,20.75
ce07c95e-a104-47c2-af15-7296e32dd826,KXELECTIONBILL-26MAY01,0.19,21,21.00,19,81,0.1900,0.8100,yes,2026-02-12T13:45:57.183306Z,3.99
ee9b7675-2fd3-7377-7d05-5948abcedef7,KXSAVEACT-27-JAN04,0.14,7,7.00,14,86,0.1400,0.8600,no,2026-02-12T13:44:34.652052Z,6.02
30aeb04b-290e-7d82-7ed4-3145e2c4b311,KXSAVEACT-27-JAN04,0.14,124,124.00,14,86,0.1400,0.8600,no,2026-02-12T13:44:34.652052Z,106.64
131bfe30-2022-797d-7446-c251c6894cce,KXSAVEACT-27-JAN04,0.14,32,32.00,14,86,0.1400,0.8600,no,2026-02-12T13:44:34.652052Z,27.52
e666dbe4-73ca-6777-534a-462e19eee567,KXELECTIONBILL-27JAN01,0.32,37,37.00,32,68,0.3200,0.6800,yes,2026-02-12T13:44:24.967983Z,11.84
e5efe0bb-1e1d-6aa9-64be-2db40212967f,KXELECTIONBILL-27JAN01,0.32,5,5.00,32,68,0.3200,0.6800,yes,2026-02-12T13:44:24.967983Z,1.6
aec7ad88-b714-6536-7ef8-2b50b132f340,KXELECTIONBILL-27JAN01,0.32,62,62.00,32,68,0.3200,0.6800,yes,2026-02-12T13:44:24.967983Z,19.84
aa77282f-ee01-6e80-6146-6f16fbe8ad7a,KXELECTIONBILL-27JAN01,0.32,66,66.00,32,68,0.3200,0.6800,yes,2026-02-12T13:44:24.967983Z,21.12
9b3dc033-6d20-67bc-4a63-07ee5a485de8,KXELECTIONBILL-27JAN01,0.32,330,330.00,32,68,0.3200,0.6800,yes,2026-02-12T13:44:24.967983Z,105.6
52011c30-105e-5095-bc71-8fe69ca1a1e1,KXSAVEACT-27-JAN04,0.15,31,31.00,15,85,0.1500,0.8500,yes,2026-02-12T13:44:15.788211Z,4.65
a3367af8-cb8e-6b7d-bc25-56c741785f75,KXSAVEACT-27-JAN04,0.15,62,62.00,15,85,0.1500,0.8500,yes,2026-02-12T13:44:03.228973Z,9.3
51883c07-1d62-576d-a883-8b82a51c8ff5,KXSAVEACT-27-JAN04,0.15,157,157.00,15,85,0.1500,0.8500,yes,2026-02-12T13:43:33.494056Z,23.55
c4eb1e47-6ab2-4821-5f93-533ea5ad84b1,KXSAVEACT-27-JAN04,0.15,31,31.00,15,85,0.1500,0.8500,yes,2026-02-12T13:43:21.475742Z,4.65
78400e8b-f112-7129-762d-b8553b347e9d,KXSAVEACT-27-JAN04,0.15,62,62.00,15,85,0.1500,0.8500,yes,2026-02-12T13:43:09.539065Z,9.3
d23af2a8-95b1-77dc-d7c6-6c9de3dda5c8,CONTROLH-2026-D,0.78,63,63.00,78,22,0.7800,0.2200,yes,2026-02-12T13:42:17.100263Z,49.14
99f5af58-a29d-6a25-ca23-e3fe82adb389,KXDIAZOUT-MDC-26SEP01,0.6,5,5.00,60,40,0.6000,0.4000,yes,2026-02-12T13:41:39.020574Z,3.0
8a35cf92-a655-6c10-014e-d2077406e2fd,KXDIAZOUT-MDC-26SEP01,0.57,4,4.00,57,43,0.5700,0.4300,no,2026-02-12T13:41:38.06264Z,1.72
2223b006-9912-5769-cda7-939322edbac1,KXSAVEACT-27-JAN04,0.15,31,31.00,15,85,0.1500,0.8500,yes,2026-02-12T13:40:36.947868Z,4.65
81653d1d-5216-6bb7-573d-bc3a6b741110,KXLAGODAYS-26FEB-1,0.01,467,467.00,1,99,0.0100,0.9900,yes,2026-02-12T13:39:01.804711Z,4.67
e2878b07-a346-78c5-312b-aeb251969601,KXSAVEACT-27-JAN04,0.15,157,157.00,15,85,0.1500,0.8500,yes,2026-02-12T13:37:36.573809Z,23.55
b8ccd875-a1f6-7449-6a76-00af42df86b6,KXPRESPERSON-28-DTRU,0.04,50,50.00,4,96,0.0400,0.9600,yes,2026-02-12T13:35:47.348212Z,2.0
dbbe534a-8789-636a-d59e-d29617487ad9,KXGORDONDENTONBY-26MAR01-MGOO,0.23,1425,1425.00,23,77,0.2300,0.7700,no,2026-02-12T13:34:49.488946Z,1097.25
b7834074-96fb-6571-d609-6bcc7943655f,KXGORDONDENTONBY-26MAR01-HSPE,0.7,152,152.00,70,30,0.7000,0.3000,yes,2026-02-12T13:34:37.501981Z,106.4
82560d38-d592-64b6-8d44-93341d42dd1d,KXSAVEACT-27-JAN04,0.14,2,2.00,14,86,0.1400,0.8600,no,2026-02-12T13:34:35.597525Z,1.72
de4c5222-5e32-570f-8773-c7fd6b9f7a5e,KXTRYFIREPOWELL-26MAY12-GOV2,0.25,3,3.00,25,75,0.2500,0.7500,no,2026-02-12T13:33:15.445751Z,2.25
e01a1835-2dc6-70b2-897a-7161eb05d46e,KXDHOUSESEATS-27-249,0.09,1065,1065.00,9,91,0.0900,0.9100,yes,2026-02-12T13:32:47.374151Z,95.85
743ce2c7-2d32-60c9-d218-ebd3f1161e66,KXVENEZUELALEADER2-26JUN01-2,0.1,94,94.00,10,90,0.1000,0.9000,yes,2026-02-12T13:32:36.830823Z,9.4
a3e1ba23-5752-6535-378c-a319d6b2ecf5,CONTROLS-2026-R,0.64,91,91.00,64,36,0.6400,0.3600,yes,2026-02-12T13:32:26.184014Z,58.24
30132946-77b1-7b85-91be-17301f86a8fb,KXDIAZOUT-MDC-26JUN01,0.47,20,20.00,47,53,0.4700,0.5300,yes,2026-02-12T13:31:31.857166Z,9.4
d54e60cc-67ca-79fa-8e5e-f566dc6b759d,KXTRUTHSOCIAL-26FEB14-B109,0.02,16,16.00,2,98,0.0200,0.9800,no,2026-02-12T13:31:14.053449Z,15.68
e30ea993-a52a-4de6-389e-8516af135451,KXTRUTHSOCIAL-26FEB14-B129,0.13,16,16.00,13,87,0.1300,0.8700,no,2026-02-12T13:31:14.053043Z,13.92
9c7debbf-b2e7-622f-56a7-e4335ae3f2d3,KXTRUTHSOCIAL-26FEB14-B190,0.23,16,16.00,23,77,0.2300,0.7700,no,2026-02-12T13:31:14.052545Z,12.32
38fed5e3-0fbe-7b1a-f69c-a66e0b373366,KXTRUTHSOCIAL-26FEB14-B149,0.13,16,16.00,13,87,0.1300,0.8700,no,2026-02-12T13:31:14.051344Z,13.92
987b0f0b-a796-7427-5f23-3ae76a6c9f33,KXTRUTHSOCIAL-26FEB14-B169,0.13,5,5.00,13,87,0.1300,0.8700,no,2026-02-12T13:31:14.051225Z,4.35
82948692-bddf-7f46-478b-7c8cb816a1c5,KXTRUTHSOCIAL-26FEB14-B169,0.13,5,5.00,13,87,0.1300,0.8700,no,2026-02-12T13:31:14.051225Z,4.35
7b105def-1b31-70c8-6512-7a9f70ffd9e3,KXTRUTHSOCIAL-26FEB14-B169,0.13,5,5.00,13,87,0.1300,0.8700,no,2026-02-12T13:31:14.051225Z,4.35
91e8b9ba-a6e2-68ed-1b8c-8594ff63cd4a,KXTRUTHSOCIAL-26FEB14-T200,0.44,53,53.00,44,56,0.4400,0.5600,yes,2026-02-12T13:31:14.034495Z,23.32
4b351193-3cdc-6e45-377d-151aceda0a1f,KXTRUTHSOCIAL-26FEB14-T200,0.44,16,16.00,44,56,0.4400,0.5600,yes,2026-02-12T13:31:14.034495Z,7.04
cebd50ec-be9a-794d-6008-20b7ae785461,KXSAVEACT-27-JAN04,0.15,629,629.00,15,85,0.1500,0.8500,yes,2026-02-12T13:30:32.316327Z,94.35
5e43fe9f-afe0-7c90-3f9b-c6f1c91a63e8,CONTROLH-2026-R,0.23,41,41.00,23,77,0.2300,0.7700,yes,2026-02-12T13:30:23.647824Z,9.43
af437589-9a00-6064-598b-06b454cdf2da,KXTRUTHSOCIAL-26FEB14-B190,0.29,148,148.00,29,71,0.2900,0.7100,yes,2026-02-12T13:30:01.364668Z,42.92
2a646669-001a-6e05-4ced-d1bb4f639487,KXTRUTHSOCIAL-26FEB14-B190,0.25,88,88.00,25,75,0.2500,0.7500,yes,2026-02-12T13:30:01.364668Z,22.0
a86241e7-dc28-4670-05cd-4d3d3bb46f20,CONTROLH-2026-R,0.23,41,41.00,23,77,0.2300,0.7700,yes,2026-02-12T13:28:26.004068Z,9.43
ca6c846c-c6ba-4f9a-bfff-bd1e24f8d0e2,KXTRUTHSOCIAL-26FEB14-B149,0.13,3,3.00,13,87,0.1300,0.8700,no,2026-02-12T13:28:14.032556Z,2.61
d355e629-a586-78fe-da65-a44c8714ab59,KXTRUTHSOCIAL-26FEB14-B129,0.13,3,3.00,13,87,0.1300,0.8700,no,2026-02-12T13:28:14.031261Z,2.61
6613a761-ef93-49c3-11e9-551220551b57,KXTRUTHSOCIAL-26FEB14-B190,0.23,3,3.00,23,77,0.2300,0.7700,no,2026-02-12T13:28:14.031249Z,2.31
66ecf3fb-94bb-427f-3996-8eac9b612bbe,KXTRUTHSOCIAL-26FEB14-B109,0.04,2,2.00,4,96,0.0400,0.9600,no,2026-02-12T13:28:14.029819Z,1.92
a023e1d9-6136-594c-3ac9-0715c439c668,KXTRUTHSOCIAL-26FEB14-T200,0.45,7,7.00,45,55,0.4500,0.5500,yes,2026-02-12T13:28:14.006925Z,3.15
3ce6e55e-74f9-5fc3-18c1-2e6b927a8e61,KXTRUTHSOCIAL-26FEB14-T200,0.39,3,3.00,39,61,0.3900,0.6100,yes,2026-02-12T13:28:14.006925Z,1.17
79c48352-526a-77e1-7a76-7fbd9d6b7bf5,KXSAVEACT-27-JAN04,0.15,157,157.00,15,85,0.1500,0.8500,yes,2026-02-12T13:27:31.026329Z,23.55
fc1c1591-2f14-6abc-dfd2-f0de9a7f2c9a,KXCAWEALTHTAX-26,0.39,14,14.00,39,61,0.3900,0.6100,no,2026-02-12T13:27:14.547794Z,8.54
101be4c6-ee1f-67f9-d4ae-078a4248306d,KXCAWEALTHTAX-26,0.39,3,3.00,39,61,0.3900,0.6100,no,2026-02-12T13:27:14.547794Z,1.83
c3f91d8c-27c3-7e32-3344-ccb068f7a402,KXPRESPERSON-28-GNEWS,0.21,45,45.00,21,79,0.2100,0.7900,yes,2026-02-12T13:26:12.681907Z,9.45
72f4f009-4c60-7e54-c256-ad2a96a5492c,CONTROLH-2026-R,0.23,20,20.00,23,77,0.2300,0.7700,yes,2026-02-12T13:25:38.156755Z,4.6
579e5675-8f69-74b0-a186-b15adc70b056,KXFEDCOMBO-26MAR-0-T0,0.88,10,10.00,88,12,0.8800,0.1200,yes,2026-02-12T13:24:48.627142Z,8.8
ea89693f-7c2c-6711-9b77-ceecb27c3d2f,KXTRUTHSOCIAL-26FEB14-T200,0.45,10,10.00,45,55,0.4500,0.5500,yes,2026-02-12T13:24:19.980964Z,4.5
5e50cb79-66da-6b15-9b8c-7c212246caad,KXTRUTHSOCIAL-26FEB14-T200,0.35,33,33.00,35,65,0.3500,0.6500,yes,2026-02-12T13:24:19.980964Z,11.55
134e4a73-1e04-680e-bcca-fee6bd0cdfc3,KXTRUTHSOCIAL-26FEB14-T200,0.35,5,5.00,35,65,0.3500,0.6500,yes,2026-02-12T13:24:19.980964Z,1.75
12b4af8e-5772-600d-9aa3-f3a2f9dbba1c,KXTRUTHSOCIAL-26FEB14-T200,0.45,101,101.00,45,55,0.4500,0.5500,yes,2026-02-12T13:24:19.980964Z,45.45
f97232ba-a161-64a0-0cce-fe4414644d50,KXMJSCHEDULE-26JUL,0.31,8,8.00,31,69,0.3100,0.6900,no,2026-02-12T13:23:52.867379Z,5.52
9d45bcf9-eaba-5eaa-ead7-be0941be5bde,KXTRUTHSOCIAL-26FEB14-B149,0.13,138,138.00,13,87,0.1300,0.8700,no,2026-02-12T13:23:36.387045Z,120.06
b599b982-2c26-7742-c99b-d94fd2db2b35,KXTRUTHSOCIAL-26FEB14-B129,0.13,196,196.00,13,87,0.1300,0.8700,no,2026-02-12T13:23:20.552191Z,170.52
09db0e47-8838-72a1-700c-001104b3bfc3,KXGORDONDENTONBY-26MAR01-MGOO,0.24,10,10.00,24,76,0.2400,0.7600,no,2026-02-12T13:23:07.476923Z,7.6
d9a0c5ee-eeda-44b1-f6b3-7cdc2335b29e,KXPRESPERSON-28-DTRU,0.04,70,70.00,4,96,0.0400,0.9600,yes,2026-02-12T13:23:04.450091Z,2.8
14d4d495-588a-4206-80eb-46db1848d35d,KXPRESPERSON-28-JVAN,0.25,444,444.00,25,75,0.2500,0.7500,yes,2026-02-12T13:21:42.394764Z,111.0
8bccef99-57fd-60e4-446d-b392b20adf5c,CONTROLH-2026-D,0.78,6,6.00,78,22,0.7800,0.2200,yes,2026-02-12T13:21:16.539023Z,4.68
e12c6914-e48a-57af-930a-9a5c9645feb9,KXGORDONDENTONBY-26MAR01-HSPE,0.67,23,23.00,67,33,0.6700,0.3300,yes,2026-02-12T13:21:13.743094Z,15.41
c82ee57b-babc-5437-b750-897959073394,KXGORDONDENTONBY-26MAR01-HSPE,0.67,23,23.00,67,33,0.6700,0.3300,yes,2026-02-12T13:21:13.743094Z,15.41
38d1700f-06f8-553a-a180-4cf54265ac62,KXGORDONDENTONBY-26MAR01-HSPE,0.67,22,22.00,67,33,0.6700,0.3300,yes,2026-02-12T13:21:13.743094Z,14.74
4f3bb64b-952e-7685-81f2-09de45407077,KXGORDONDENTONBY-26MAR01-HSPE,0.66,134,134.00,66,34,0.6600,0.3400,yes,2026-02-12T13:21:03.032865Z,88.44
9423ebc8-2de7-6b24-b36d-a0e69effd53e,KXGORDONDENTONBY-26MAR01-MGOO,0.26,19,19.00,26,74,0.2600,0.7400,no,2026-02-12T13:20:57.046827Z,14.06
5ce9dc6e-9658-70da-cc7c-6c4f28b1eab5,KXPRESPERSON-28-GNEWS,0.2,90,90.00,20,80,0.2000,0.8000,no,2026-02-12T13:20:16.21322Z,72.0
de40b62f-e550-6bba-7d17-684415550975,KXSAVEACT-27-JAN04,0.15,431,431.00,15,85,0.1500,0.8500,yes,2026-02-12T13:20:01.35321Z,64.65
8556425e-6652-66b9-7847-33bb2bfd5b45,KXSAVEACT-27-JAN04,0.15,91,91.00,15,85,0.1500,0.8500,yes,2026-02-12T13:20:01.35321Z,13.65
952f7ef4-fbc4-59ec-9162-1b0bab251bf4,KXELECTIONBILL-27JAN01,0.32,149,149.00,32,68,0.3200,0.6800,yes,2026-02-12T13:19:58.660601Z,47.68
dc893e03-85dd-6852-2d14-57b9fcad14fa,KXGORDONDENTONBY-26MAR01-MGOO,0.27,1048,1048.00,27,73,0.2700,0.7300,no,2026-02-12T13:19:45.03436Z,765.04
86c2f137-5e78-7332-ce1c-d9f7800f21dd,KXPRESPERSON-28-DTRU,0.03,33,33.00,3,97,0.0300,0.9700,no,2026-02-12T13:19:44.418024Z,32.01
c2a4cece-8527-60d1-8b92-00bf7d24922a,KXGORDONDENTONBY-26MAR01-HSPE,0.65,27,27.00,65,35,0.6500,0.3500,yes,2026-02-12T13:19:39.29498Z,17.55
3330315f-9731-7bc2-156f-cc5366b985d2,KXGORDONDENTONBY-26MAR01-MGOO,0.27,845,845.00,27,73,0.2700,0.7300,no,2026-02-12T13:19:33.356151Z,616.85
8ca353d0-ea06-5d76-e7d4-39aa36a0e625,KXSAVEACT-27-JAN04,0.14,125,125.00,14,86,0.1400,0.8600,no,2026-02-12T13:19:01.754791Z,107.5
5ec3c48c-c05a-56bd-df49-afc05bf37136,KXPRESPERSON-28-DTRU,0.04,519,519.00,4,96,0.0400,0.9600,yes,2026-02-12T13:18:59.367013Z,20.76
42973681-43bc-7462-1c7f-9f99fead6729,KXSAVEACT-27-JAN04,0.15,157,157.00,15,85,0.1500,0.8500,yes,2026-02-12T13:18:55.052338Z,23.55
58cb1df8-f958-6846-8367-aed5ba11464d,KXSAVEACT-27-JAN04,0.15,157,157.00,15,85,0.1500,0.8500,yes,2026-02-12T13:18:43.608309Z,23.55
09056af5-ad36-46b5-2db7-dde9de79ecee,KXPRESPERSON-28-DTRU,0.04,117,117.00,4,96,0.0400,0.9600,yes,2026-02-12T13:18:01.946835Z,4.68
6e06285e-6232-633e-c21b-f361a0f1635a,KXSAVEACT-27-JAN04,0.12,5,5.00,12,88,0.1200,0.8800,no,2026-02-12T13:17:44.189316Z,4.4
651c5b8a-5dde-6e1d-e586-2a0fdfeb681c,KXSAVEACT-27-JAN04,0.12,17,17.00,12,88,0.1200,0.8800,no,2026-02-12T13:17:44.189316Z,14.96
d3944201-1d29-5f6c-f97c-4064ef288273,KXWARSHNOM-26MAR01-T0,0.56,300,300.00,56,44,0.5600,0.4400,no,2026-02-12T13:17:42.790985Z,132.0
b15e280b-4ba0-5e58-05b2-e588c377bc9a,KXSAVEACT-27-JAN04,0.14,118,118.00,14,86,0.1400,0.8600,yes,2026-02-12T13:17:10.055255Z,16.52
9cb6bd16-de66-7483-1e32-cb3c7eee1e7e,CONTROLH-2026-D,0.77,6,6.00,77,23,0.7700,0.2300,no,2026-02-12T13:16:49.304877Z,1.38
925ba4c2-d8de-4437-e9a8-87be3bf8d872,CONTROLH-2026-D,0.77,12,12.00,77,23,0.7700,0.2300,no,2026-02-12T13:16:36.955653Z,2.76
c1dca9a1-16e8-63ec-7bf2-7de120c722d2,KXSAVEACT-27-JAN04,0.14,67,67.00,14,86,0.1400,0.8600,yes,2026-02-12T13:16:28.300684Z,9.38
dc398fe5-f306-62c1-56d4-52f97e417596,KXPRESPERSON-28-MRUB,0.1,135,135.00,10,90,0.1000,0.9000,yes,2026-02-12T13:16:24.852315Z,13.5
fb7e3c97-f4d7-7f58-b01d-8ad49f1bff87,KXCAWEALTHTAX-26,0.39,11,11.00,39,61,0.3900,0.6100,yes,2026-02-12T13:16:23.359083Z,4.29
f135c673-388c-74b1-aa7f-c6623c1c30e8,KXCAWEALTHTAX-26,0.39,3,3.00,39,61,0.3900,0.6100,yes,2026-02-12T13:16:23.359083Z,1.17
e809a865-490f-7d18-8991-d5313ca1546f,KXCAWEALTHTAX-26,0.39,20,20.00,39,61,0.3900,0.6100,yes,2026-02-12T13:16:23.359083Z,7.8
dbd14fcf-c6e7-71f0-8895-4963bc63e8f8,KXCAWEALTHTAX-26,0.39,31,31.00,39,61,0.3900,0.6100,yes,2026-02-12T13:16:23.359083Z,12.09
d1970f30-5f35-7c42-b09e-195d59dd04ad,KXCAWEALTHTAX-26,0.39,16,16.00,39,61,0.3900,0.6100,yes,2026-02-12T13:16:23.359083Z,6.24
cc43017d-9ee4-73f4-94dc-431e34ec1bdc,KXCAWEALTHTAX-26,0.39,3,3.00,39,61,0.3900,0.6100,yes,2026-02-12T13:16:23.359083Z,1.17
b5a5a9ef-7da7-731a-af6e-fa79a0068f43,KXCAWEALTHTAX-26,0.39,500,500.00,39,61,0.3900,0.6100,yes,2026-02-12T13:16:23.359083Z,195.0
b203b401-c29a-748b-bd94-08132a524f63,KXCAWEALTHTAX-26,0.39,7,7.00,39,61,0.3900,0.6100,yes,2026-02-12T13:16:23.359083Z,2.73
aad03d4b-5092-70fb-bacb-a06f04d506b5,KXCAWEALTHTAX-26,0.39,15,15.00,39,61,0.3900,0.6100,yes,2026-02-12T13:16:23.359083Z,5.85
a2f4b31e-5309-7cfa-8fa2-3021cd955401,KXCAWEALTHTAX-26,0.39,20,20.00,39,61,0.3900,0.6100,yes,2026-02-12T13:16:23.359083Z,7.8
91ae8d9b-aa28-7678-a169-b6b8e770c2f9,KXCAWEALTHTAX-26,0.39,6,6.00,39,61,0.3900,0.6100,yes,2026-02-12T13:16:23.359083Z,2.34
6f51c1a1-9ddd-711a-96a3-1e5e936f7e5b,KXCAWEALTHTAX-26,0.39,17,17.00,39,61,0.3900,0.6100,yes,2026-02-12T13:16:23.359083Z,6.63
682b1824-3274-75c1-9a56-3ccbdb4bd55d,KXCAWEALTHTAX-26,0.39,6,6.00,39,61,0.3900,0.6100,yes,2026-02-12T13:16:23.359083Z,2.34
58406606-2f81-7579-908b-6d8f3734735c,KXCAWEALTHTAX-26,0.39,16,16.00,39,61,0.3900,0.6100,yes,2026-02-12T13:16:23.359083Z,6.24
2f062834-5f6b-7505-9a92-fd315af3e1ea,KXCAWEALTHTAX-26,0.39,53,53.00,39,61,0.3900,0.6100,yes,2026-02-12T13:16:23.359083Z,20.67
085fe33b-6c49-75a5-8c55-d934be0d8cf9,KXCAWEALTHTAX-26,0.39,31,31.00,39,61,0.3900,0.6100,yes,2026-02-12T13:16:23.359083Z,12.09
d52f2b3f-4474-6388-d3da-39c06a36ac8e,KXSAVEACT-27-JAN04,0.14,67,67.00,14,86,0.1400,0.8600,yes,2026-02-12T13:16:15.670734Z,9.38
4e163135-6514-51e4-e85e-c8e80afb4282,KXSAVEACT-27-JAN04,0.14,33,33.00,14,86,0.1400,0.8600,yes,2026-02-12T13:14:14.504122Z,4.62
4dc47414-f648-6344-86db-a50b136b7262,KXSAVEACT-27-JAN04,0.14,217,217.00,14,86,0.1400,0.8600,yes,2026-02-12T13:13:53.933315Z,30.38
d836ceba-392c-692d-9212-6f603f9b1956,KXSAVEACT-27-JAN04,0.13,100,100.00,13,87,0.1300,0.8700,no,2026-02-12T13:13:20.490147Z,87.0
ae537185-8979-61d1-98bd-ce8d2d8dacd1,KXSAVEACT-27-JAN04,0.14,13,13.00,14,86,0.1400,0.8600,no,2026-02-12T13:13:20.490147Z,11.18
97826b7c-3e3a-6e54-bd79-3997e4a7e47a,KXSAVEACT-27-JAN04,0.14,5,5.00,14,86,0.1400,0.8600,no,2026-02-12T13:13:20.490147Z,4.3
85734441-b202-6b32-a92b-3fabbe4400aa,KXSAVEACT-27-JAN04,0.12,15,15.00,12,88,0.1200,0.8800,no,2026-02-12T13:13:20.490147Z,13.2
bd69c1a4-1d9e-7073-be1e-b87070a0c228,KXGREENTERRITORY-29,0.42,18,18.00,42,58,0.4200,0.5800,no,2026-02-12T13:13:11.629823Z,10.44
85a58c73-0a70-745e-891e-07dc8ebe0a3a,KXGREENTERRITORY-29,0.43,43,43.00,43,57,0.4300,0.5700,no,2026-02-12T13:13:11.629823Z,24.51
44c2d15b-c39c-7cc2-1e80-7b8871761325,KXSAVEACT-27-JAN04,0.15,125,125.00,15,85,0.1500,0.8500,yes,2026-02-12T13:13:03.983158Z,18.75
8906cb7b-4cee-6d11-74d0-2805f565ba09,KXPAHLAVIHEAD-27JAN-RPAH,0.17,773,773.00,17,83,0.1700,0.8300,yes,2026-02-12T13:13:02.833304Z,131.41
8430d4af-c5ee-6666-7e47-2758b1cd1d84,KXPAHLAVIHEAD-27JAN-RPAH,0.18,31,31.00,18,82,0.1800,0.8200,yes,2026-02-12T13:13:02.833304Z,5.58
52267e38-07ac-644a-5af4-4742279089e3,KXPAHLAVIHEAD-27JAN-RPAH,0.18,55,55.00,18,82,0.1800,0.8200,yes,2026-02-12T13:13:02.833304Z,9.9
12033b6d-bd9d-6813-4eb0-8ebd901597a2,KXPAHLAVIHEAD-27JAN-RPAH,0.17,27,27.00,17,83,0.1700,0.8300,yes,2026-02-12T13:13:02.833304Z,4.59
61fade32-79d8-40a6-fb23-3823f5292a39,KXSAVEACT-27-JAN04,0.15,62,62.00,15,85,0.1500,0.8500,yes,2026-02-12T13:12:56.097678Z,9.3
f0385d73-b8b4-4a7a-5dc9-08dd7d181109,KXSAVEACT-27-JAN04,0.15,56,56.00,15,85,0.1500,0.8500,yes,2026-02-12T13:11:59.408054Z,8.4
6beb4f0a-1170-66d2-ec47-ba1341d498b9,KXSAVEACT-27-JAN04,0.15,50,50.00,15,85,0.1500,0.8500,yes,2026-02-12T13:11:05.401526Z,7.5
f2cd2054-8e28-53aa-7dac-396da9f19001,KXSAVEACT-27-JAN04,0.15,125,125.00,15,85,0.1500,0.8500,yes,2026-02-12T13:10:59.774067Z,18.75
5ddea7bb-bdff-6aa0-84f2-873c7142af05,KXCANAL-29,0.27,40,40.00,27,73,0.2700,0.7300,no,2026-02-12T13:08:29.356505Z,29.2
92d5e560-46b4-770a-6443-aaf782b71dc9,KXSAVEACT-27-JAN04,0.15,50,50.00,15,85,0.1500,0.8500,yes,2026-02-12T13:05:54.705923Z,7.5
6497ba34-b26e-5656-4868-05113417d95d,KXPRESPERSON-28-JVAN,0.25,21,21.00,25,75,0.2500,0.7500,yes,2026-02-12T13:05:36.062727Z,5.25
e59b6eeb-0b40-6c4a-a7c5-c1c110241215,KXSAVEACT-27-JAN04,0.15,449,449.00,15,85,0.1500,0.8500,yes,2026-02-12T13:05:35.286102Z,67.35
c32f8301-e2f4-6fb1-901b-de40c25e0f33,KXSAVEACT-27-JAN04,0.14,24,24.00,14,86,0.1400,0.8600,yes,2026-02-12T13:05:35.286102Z,3.36
6d14bda1-d12f-7c87-64f4-44c688b1f5d4,KXSWENCOUNTERS-26FEB-6499.5,0.18,26,26.00,18,82,0.1800,0.8200,yes,2026-02-12T13:01:05.28304Z,4.68
f7dccdaa-9394-6d2e-63b6-32c77828f6f5,KXSAVEACT-27-JAN04,0.15,125,125.00,15,85,0.1500,0.8500,yes,2026-02-12T13:00:56.783604Z,18.75
f2e6963b-d1b4-56da-8f4e-ec7442f2fecc,KXSAVEACT-27-JAN04,0.14,5,5.00,14,86,0.1400,0.8600,no,2026-02-12T13:00:26.642542Z,4.3
a9457ad2-9e0f-5f66-b004-e219af468d11,KXSAVEACT-27-JAN04,0.13,20,20.00,13,87,0.1300,0.8700,no,2026-02-12T13:00:26.642542Z,17.4
6144b54c-072d-5b30-a134-335a2c4f901a,KXSAVEACT-27-JAN04,0.14,18,18.00,14,86,0.1400,0.8600,no,2026-02-12T13:00:26.642542Z,15.48
4c36c7f2-10c5-67a8-ca23-8c0acfb292ce,KXSAVEACT-27-JAN04,0.14,5,5.00,14,86,0.1400,0.8600,no,2026-02-12T12:59:44.724736Z,4.3
e8849ed3-238c-7486-05a9-0121560af631,KXSAVEACT-27-JAN04,0.15,31,31.00,15,85,0.1500,0.8500,yes,2026-02-12T12:57:57.592453Z,4.65
d1f375bd-d232-423c-966d-131a80673e7f,KXNH1D-26-SSHA,0.53,50,50.00,53,47,0.5300,0.4700,yes,2026-02-12T12:57:17.871381Z,26.5
4fcbdc17-d673-6cfb-0664-14b11e841548,KXKHAMENEIOUT-AKHA-26APR01,0.16,85,85.00,16,84,0.1600,0.8400,no,2026-02-12T12:56:43.706463Z,71.4
3d4793fc-2700-6e09-f037-65b4455beb8e,KXDIAZOUT-MDC-26MAR01,0.14,32,32.00,14,86,0.1400,0.8600,yes,2026-02-12T12:56:40.982955Z,4.48
2f9d77d0-7917-6a91-e405-a55807bcf488,KXDIAZOUT-MDC-26MAR01,0.15,20,20.00,15,85,0.1500,0.8500,yes,2026-02-12T12:56:40.982955Z,3.0
6f649141-f03b-4300-1929-7acefafe2ee3,KXNH1D-26-SSHA,0.53,50,50.00,53,47,0.5300,0.4700,yes,2026-02-12T12:56:11.915162Z,26.5
681276e8-07c0-4aa6-f325-e0e17eac8ca1,KXSAVEACT-27-JAN04,0.15,62,62.00,15,85,0.1500,0.8500,yes,2026-02-12T12:55:41.032872Z,9.3
7dc747cb-7e63-6fd5-20ed-f412ffad4084,KXLAGODAYS-26FEB-2,0.01,292,292.00,1,99,0.0100,0.9900,no,2026-02-12T12:55:08.572387Z,289.08
39913c8b-217d-4cb0-9aab-2cbd933dd8f2,KXSAVEACT-27-JAN04,0.14,177,177.00,14,86,0.1400,0.8600,no,2026-02-12T12:54:21.809145Z,152.22
9e17d40f-2034-46fa-590a-af6383265605,KXSAVEACT-27-JAN04,0.15,157,157.00,15,85,0.1500,0.8500,yes,2026-02-12T12:54:13.067392Z,23.55
e695718d-ab45-5d59-f938-3069d12a45b2,KXCAWEALTHTAX-26,0.38,17,17.00,38,62,0.3800,0.6200,yes,2026-02-12T12:53:54.016686Z,6.46
e28beaa8-ae26-5608-d155-0c3a53800d1a,KXCAWEALTHTAX-26,0.38,19,19.00,38,62,0.3800,0.6200,yes,2026-02-12T12:53:54.016686Z,7.22
d3d3d576-83f8-5c80-f3a5-c9b00b8d9cd5,KXCAWEALTHTAX-26,0.38,1250,1250.00,38,62,0.3800,0.6200,yes,2026-02-12T12:53:54.016686Z,475.0
c3b54a58-6933-5822-f3a7-9bb7abf86d6a,KXCAWEALTHTAX-26,0.38,1642,1642.00,38,62,0.3800,0.6200,yes,2026-02-12T12:53:54.016686Z,623.96
b800339b-ddd3-578b-cdce-5d796bf43c7f,KXCAWEALTHTAX-26,0.36,385,385.00,36,64,0.3600,0.6400,yes,2026-02-12T12:53:54.016686Z,138.6
ae3f2533-8155-53fd-e48d-cbbb17e85ad2,KXCAWEALTHTAX-26,0.38,5,5.00,38,62,0.3800,0.6200,yes,2026-02-12T12:53:54.016686Z,1.9
ab4af76a-a489-5748-db67-093af10c4950,KXCAWEALTHTAX-26,0.38,18,18.00,38,62,0.3800,0.6200,yes,2026-02-12T12:53:54.016686Z,6.84
91329ec3-fbfc-530c-ef37-c0ebce186978,KXCAWEALTHTAX-26,0.38,6,6.00,38,62,0.3800,0.6200,yes,2026-02-12T12:53:54.016686Z,2.28
865ed08a-287a-54c7-d020-81c0c1e2d3e4,KXCAWEALTHTAX-26,0.38,188,188.00,38,62,0.3800,0.6200,yes,2026-02-12T12:53:54.016686Z,71.44
86330964-0414-5fc5-f4e8-8213ae2711f6,KXCAWEALTHTAX-26,0.38,9,9.00,38,62,0.3800,0.6200,yes,2026-02-12T12:53:54.016686Z,3.42
788e88d3-29f4-593a-facc-d07b7c10dd28,KXCAWEALTHTAX-26,0.38,20,20.00,38,62,0.3800,0.6200,yes,2026-02-12T12:53:54.016686Z,7.6
74399437-45e6-5b9a-ef4a-9b5131f1c545,KXCAWEALTHTAX-26,0.37,38,38.00,37,63,0.3700,0.6300,yes,2026-02-12T12:53:54.016686Z,14.06
589be346-18c0-507f-c7f4-82340bed95b9,KXCAWEALTHTAX-26,0.38,22,22.00,38,62,0.3800,0.6200,yes,2026-02-12T12:53:54.016686Z,8.36
4c496f72-306f-5544-ca2c-8f449a0e9ead,KXCAWEALTHTAX-26,0.38,13,13.00,38,62,0.3800,0.6200,yes,2026-02-12T12:53:54.016686Z,4.94
4bd88c96-ef4c-5543-f47e-6004d31375df,KXCAWEALTHTAX-26,0.38,12,12.00,38,62,0.3800,0.6200,yes,2026-02-12T12:53:54.016686Z,4.56
43bf67c0-421e-563d-e2db-70887cf0dfa3,KXCAWEALTHTAX-26,0.38,32,32.00,38,62,0.3800,0.6200,yes,2026-02-12T12:53:54.016686Z,12.16
2f61eb8d-df53-53fe-fe54-08019f079cc3,KXCAWEALTHTAX-26,0.36,50,50.00,36,64,0.3600,0.6400,yes,2026-02-12T12:53:54.016686Z,18.0
1925fb35-0a10-5240-f2b2-30b70f5a336b,KXCAWEALTHTAX-26,0.38,36,36.00,38,62,0.3800,0.6200,yes,2026-02-12T12:53:54.016686Z,13.68
13f43606-7039-5ed9-c970-78afcde3b372,KXCAWEALTHTAX-26,0.38,68,68.00,38,62,0.3800,0.6200,yes,2026-02-12T12:53:54.016686Z,25.84
71b15306-b695-4fad-32b2-16f27dc4e678,KXDIAZOUT-MDC-26JUN01,0.46,70,70.00,46,54,0.4600,0.5400,yes,2026-02-12T12:53:00.726062Z,32.2
9b7d72ae-384a-6892-96a7-c83ca6fc637d,KXPRESPERSON-28-JVAN,0.25,190,190.00,25,75,0.2500,0.7500,yes,2026-02-12T12:52:53.678936Z,47.5
011d69fd-c2ac-5954-91e7-56fccb2ad22a,KXWARSHNOM-26FEB13-T0,0.05,15,15.00,5,95,0.0500,0.9500,no,2026-02-12T12:52:44.34589Z,14.25
0099ae34-0b56-52b6-516f-c2504afbea5a,KXDIAZOUT-MDC-26MAY01,0.4,79,79.00,40,60,0.4000,0.6000,yes,2026-02-12T12:52:43.53205Z,31.6
a6b5714a-f011-428c-8338-c4796b0f9949,KXELECTIONBILL-27JAN01,0.32,4,4.00,32,68,0.3200,0.6800,no,2026-02-12T12:52:28.546309Z,2.72
22af9ca5-b0f3-4da5-b8ab-a83d1c2a0618,KXELECTIONBILL-27JAN01,0.32,17,17.00,32,68,0.3200,0.6800,no,2026-02-12T12:52:28.546309Z,11.56
ffe3018b-1b7e-661d-bca3-dd9f5fe29c92,KXDIAZOUT-MDC-26JUN01,0.46,27,27.00,46,54,0.4600,0.5400,no,2026-02-12T12:52:26.510302Z,14.58
e66a12d9-6afb-6cd2-ea78-7124029dd605,KXDIAZOUT-MDC-26APR01,0.25,11,11.00,25,75,0.2500,0.7500,no,2026-02-12T12:52:26.507527Z,8.25
73d876dc-1ecc-63c4-d9d4-5187bb2dd5ff,KXDIAZOUT-MDC-26APR01,0.25,10,10.00,25,75,0.2500,0.7500,no,2026-02-12T12:52:26.507527Z,7.5
646aa758-cc36-60f8-eb04-6dbadcc5edc8,KXDIAZOUT-MDC-26APR01,0.25,10,10.00,25,75,0.2500,0.7500,no,2026-02-12T12:52:26.507527Z,7.5
2983485e-a1ef-6378-d074-26b0385b3f10,KXDIAZOUT-MDC-26APR01,0.24,5,5.00,24,76,0.2400,0.7600,no,2026-02-12T12:52:26.507527Z,3.8
eb308533-2f21-673a-227d-4717eb853fa0,KXDIAZOUT-MDC-26SEP01,0.58,11,11.00,58,42,0.5800,0.4200,yes,2026-02-12T12:52:20.757261Z,6.38
b190a318-edbc-61c0-2520-249dd80decf9,KXDIAZOUT-MDC-26SEP01,0.59,180,180.00,59,41,0.5900,0.4100,yes,2026-02-12T12:52:20.757261Z,106.2
97bcf7c6-9efc-62cd-1de2-a00fc8dedc66,KXDIAZOUT-MDC-26SEP01,0.58,12,12.00,58,42,0.5800,0.4200,yes,2026-02-12T12:52:20.757261Z,6.96
620ff1de-fbb3-60c3-1107-dc6e467e90fb,KXDIAZOUT-MDC-26SEP01,0.58,11,11.00,58,42,0.5800,0.4200,yes,2026-02-12T12:52:20.757261Z,6.38
bbdfeab0-9389-4c0e-8e90-bd58c5d5ce2b,KXCANAL-29,0.28,7,7.00,28,72,0.2800,0.7200,yes,2026-02-12T12:52:20.197533Z,1.96
b86fb87a-8b85-4b5a-9610-1a0e6903407b,KXCANAL-29,0.28,6,6.00,28,72,0.2800,0.7200,yes,2026-02-12T12:52:20.197533Z,1.68
b2b525da-7368-4475-a11a-3022ca73cfbb,KXCANAL-29,0.29,15,15.00,29,71,0.2900,0.7100,yes,2026-02-12T12:52:20.197533Z,4.35
b231b9aa-dfa0-4749-ab23-ed9dc80a12b3,KXCANAL-29,0.3,13,13.00,30,70,0.3000,0.7000,yes,2026-02-12T12:52:20.197533Z,3.9
ac582c6c-6ac5-4f01-9a21-55ba92995118,KXCANAL-29,0.28,11,11.00,28,72,0.2800,0.7200,yes,2026-02-12T12:52:20.197533Z,3.08
8fe53758-8687-4490-af2c-fd0d06e0bc08,KXCANAL-29,0.29,7,7.00,29,71,0.2900,0.7100,yes,2026-02-12T12:52:20.197533Z,2.03
86a3765f-708f-4785-86fe-67f5cbda4849,KXCANAL-29,0.3,20,20.00,30,70,0.3000,0.7000,yes,2026-02-12T12:52:20.197533Z,6.0
fc4d12b8-c0ee-5f28-3903-cb4d81a10ec7,KXKHAMENEIOUT-AKHA-26SEP01,0.38,252,252.00,38,62,0.3800,0.6200,yes,2026-02-12T12:48:16.991663Z,95.76
ad04799a-659c-5dac-3f76-a32b19f25688,CONTROLH-2026-R,0.23,16,16.00,23,77,0.2300,0.7700,yes,2026-02-12T12:47:36.312391Z,3.68
88dacdde-31d4-48be-8583-cc191ad1757d,KXSAVEACT-27-JAN04,0.15,31,31.00,15,85,0.1500,0.8500,yes,2026-02-12T12:46:14.561896Z,4.65
ebf8fa69-4a41-7a71-d897-7e6d83b482a3,KXPRESPERSON-28-JVAN,0.24,19,19.00,24,76,0.2400,0.7600,no,2026-02-12T12:42:51.863577Z,14.44
ef108004-c210-6f04-1d0a-8c6009705cc4,KXGREENTERRITORY-29,0.44,37,37.00,44,56,0.4400,0.5600,yes,2026-02-12T12:42:45.561009Z,16.28
a2621ed8-50fb-6fd0-190f-cdc041c57fb5,KXGREENTERRITORY-29,0.44,17,17.00,44,56,0.4400,0.5600,yes,2026-02-12T12:42:45.561009Z,7.48
2e50577b-cfd0-6477-2018-5e266768028a,KXGREENTERRITORY-29,0.44,3,3.00,44,56,0.4400,0.5600,yes,2026-02-12T12:42:45.561009Z,1.32
16e29822-bb6c-6712-1464-bc35a3b06c2e,KXGREENTERRITORY-29,0.44,158,158.00,44,56,0.4400,0.5600,yes,2026-02-12T12:42:45.561009Z,69.52
7f14cb39-6434-61d6-e09e-c94270d0a129,KXSAVEACT-27-JAN04,0.15,62,62.00,15,85,0.1500,0.8500,yes,2026-02-12T12:42:45.32684Z,9.3
14d0bbec-f91c-70ea-56e9-43070d40a405,KXSAVEACT-27-JAN04,0.15,157,157.00,15,85,0.1500,0.8500,yes,2026-02-12T12:42:02.602537Z,23.55
347a2e63-aa9a-575e-5d99-eb20f2d79e71,KXPRESPERSON-28-JVAN,0.25,19,19.00,25,75,0.2500,0.7500,yes,2026-02-12T12:40:53.419953Z,4.75
a36eeb84-069f-6f7b-bfde-c5179c5f6494,KXSWENCOUNTERS-26JAN-9999.5,0.1,15,15.00,10,90,0.1000,0.9000,no,2026-02-12T12:37:50.683645Z,13.5
71483b0b-61cd-4f3c-4c32-c99c26f7cf24,CONTROLH-2026-D,0.78,126,126.00,78,22,0.7800,0.2200,yes,2026-02-12T12:34:03.143315Z,98.28
f2dcffc9-6bf6-4df8-c762-4f3178304f78,KXSAVEACT-27-JAN04,0.14,5,5.00,14,86,0.1400,0.8600,no,2026-02-12T12:32:49.498338Z,4.3
1a788ab2-0d48-4dde-feda-cf614828df3c,KXSAVEACT-27-JAN04,0.14,6,6.00,14,86,0.1400,0.8600,no,2026-02-12T12:32:49.498338Z,5.16
2110338d-ccf8-7c06-2529-e2f3217cf0ad,KXSAVEACT-27-JAN04,0.15,31,31.00,15,85,0.1500,0.8500,yes,2026-02-12T12:32:30.812539Z,4.65
af0eaa06-cb2b-5cb1-1b70-215a242dc620,KXELECTIONBILL-26MAY01,0.17,21,21.00,17,83,0.1700,0.8300,no,2026-02-12T12:28:10.922154Z,17.43
19b27f94-96e6-75bb-992a-12199db426ae,CONTROLH-2026-D,0.77,12,12.00,77,23,0.7700,0.2300,no,2026-02-12T12:26:59.548096Z,2.76
59149824-12cb-5aab-828c-8691e86c44a4,KXKHAMENEIOUT-AKHA-26APR01,0.16,153,153.00,16,84,0.1600,0.8400,no,2026-02-12T12:26:43.140124Z,128.52
1081595b-af4b-4d31-5a86-b5b841ee975d,KXELECTIONBILL-26MAY01,0.21,20,20.00,21,79,0.2100,0.7900,no,2026-02-12T12:25:33.703838Z,15.8
6bbe2a1d-f105-5600-a02a-29c019349225,KXELECTIONBILL-27JAN01,0.32,21,21.00,32,68,0.3200,0.6800,no,2026-02-12T12:24:51.28789Z,14.28
e55a6055-0088-4647-80ca-fd5734ac7a8d,KXKHAMENEIOUT-AKHA-26APR01,0.17,64,64.00,17,83,0.1700,0.8300,yes,2026-02-12T12:23:50.804703Z,10.88
45831f1d-729e-5bb1-0dcd-74d052657c8d,CONTROLS-2026-R,0.64,100,100.00,64,36,0.6400,0.3600,yes,2026-02-12T12:21:44.508811Z,64.0
6bc5b252-6e5e-408e-7f37-0b5762eebe31,KXPRESPERSON-28-JVAN,0.25,19,19.00,25,75,0.2500,0.7500,yes,2026-02-12T12:15:28.542987Z,4.75
40d0b7d4-2df4-658e-1842-867778f1626d,KXSAVEACT-27-JAN04,0.15,125,125.00,15,85,0.1500,0.8500,yes,2026-02-12T12:13:36.352287Z,18.75
96698053-03ba-5d9d-fda1-57c954e67cc2,KXPRESPERSON-28-DTRU,0.04,46,46.00,4,96,0.0400,0.9600,yes,2026-02-12T12:13:08.477636Z,1.84
a41975ab-4d9c-6d3f-4f38-09a448301de1,KXKHAMENEIOUT-AKHA-26MAR01,0.06,52,52.00,6,94,0.0600,0.9400,no,2026-02-12T12:12:52.367019Z,48.88
6b9a7687-c10e-4ee8-ae48-7063ce61acaf,KXVENEZUELALEADER2-26JUN01-DROD,0.67,78,78.00,67,33,0.6700,0.3300,no,2026-02-12T12:12:08.755461Z,25.74
57dd3600-52ea-67c1-46db-f8b57430f0ba,KXPRESPERSON-28-DTRU,0.04,70,70.00,4,96,0.0400,0.9600,yes,2026-02-12T12:11:52.047349Z,2.8
f56e4ba9-d7ea-69a1-1323-fa00ddc9c104,KXVENEZUELALEADER2-26JUN01-DRON,0.02,666,666.00,2,98,0.0200,0.9800,no,2026-02-12T12:11:50.903752Z,652.68
f4cd4716-9559-636f-3824-afb23e4c4358,KXVENEZUELALEADER2-26JUN01-DRON,0.01,75,75.00,1,99,0.0100,0.9900,no,2026-02-12T12:11:50.903752Z,74.25
cb33a4af-8d92-69f9-13e2-d21a8707347c,KXVENEZUELALEADER2-26JUN01-DRON,0.03,156,156.00,3,97,0.0300,0.9700,no,2026-02-12T12:11:50.903752Z,151.32
a718b225-d639-6f8a-0047-477cfa60be5d,KXVENEZUELALEADER2-26JUN01-DRON,0.04,7,7.00,4,96,0.0400,0.9600,no,2026-02-12T12:11:50.903752Z,6.72
91fe1d44-18d4-6350-2a21-6add13a65b04,KXVENEZUELALEADER2-26JUN01-DRON,0.03,56,56.00,3,97,0.0300,0.9700,no,2026-02-12T12:11:50.903752Z,54.32
7afeebba-7590-62f2-376f-e206363c79bb,KXVENEZUELALEADER2-26JUN01-DRON,0.02,150,150.00,2,98,0.0200,0.9800,no,2026-02-12T12:11:50.903752Z,147.0
70c87cc9-0cca-66a5-33a6-9f0007f32f97,KXVENEZUELALEADER2-26JUN01-DRON,0.02,102,102.00,2,98,0.0200,0.9800,no,2026-02-12T12:11:50.903752Z,99.96
448db4af-27e8-69bf-198d-1deba922d3d3,KXVENEZUELALEADER2-26JUN01-DRON,0.02,204,204.00,2,98,0.0200,0.9800,no,2026-02-12T12:11:50.903752Z,199.92
b4156290-20a8-5163-9ebe-ed01c47a6082,KXPRESPERSON-28-MRUB,0.09,135,135.00,9,91,0.0900,0.9100,no,2026-02-12T12:10:59.651659Z,122.85
7d22b91d-5416-4ed1-26f9-5c76c77a9aed,KXTRUTHSOCIAL-26FEB14-T200,0.35,27,27.00,35,65,0.3500,0.6500,yes,2026-02-12T12:10:06.855099Z,9.45
1a8c6538-823c-677a-3cdc-2fce525f0f11,KXSAVEACT-27-JAN04,0.15,314,314.00,15,85,0.1500,0.8500,yes,2026-02-12T12:09:50.438968Z,47.1
47405873-1f40-5ba2-6c34-cc8832d00659,KXSAVEACT-27-JAN04,0.15,62,62.00,15,85,0.1500,0.8500,yes,2026-02-12T12:09:38.601772Z,9.3
7fbdd11d-dc28-514c-228a-0925d6a0f3c8,CONTROLH-2026-R,0.23,82,82.00,23,77,0.2300,0.7700,yes,2026-02-12T12:09:22.930669Z,18.86
0e76e0c9-13a8-403a-6016-abe54350baa0,GOVPARTYMN-26-R,0.1,18,18.00,10,90,0.1000,0.9000,yes,2026-02-12T12:07:53.203007Z,1.8
2d58cb80-232f-5bab-169b-3805d65e3261,KXELECTIONBILL-27JAN01,0.33,28,28.00,33,67,0.3300,0.6700,yes,2026-02-12T12:07:49.049749Z,9.24
29075d13-bef7-49df-2797-9e083e0868e0,KXKHAMENEIOUT-AKHA-26APR01,0.16,83,83.00,16,84,0.1600,0.8400,no,2026-02-12T12:07:36.590765Z,69.72
4234e65e-2f60-7660-73a8-a1051be599ab,CONTROLH-2026-R,0.22,166,166.00,22,78,0.2200,0.7800,no,2026-02-12T12:07:05.410636Z,129.48
5f7ce4a8-2460-6a46-2763-a00bb2c440a9,KXSAVEACT-27-JAN04,0.15,31,31.00,15,85,0.1500,0.8500,yes,2026-02-12T12:03:42.61049Z,4.65
9f2fc824-77c1-5ca6-c94b-0e08cb1cee4c,KXVENEZUELALEADER2-26JUN01-DROD,0.66,981,981.00,66,34,0.6600,0.3400,no,2026-02-12T12:02:01.202608Z,333.54
335d83ad-d619-7fd9-a337-8c177c334f57,KXVENEZUELALEADER2-26JUN01-DROD,0.7,1588,1588.00,70,30,0.7000,0.3000,no,2026-02-12T12:00:59.42946Z,476.4
ea211baa-df62-7281-4304-06af11152953,KXVENEZUELALEADER2-26JUN01-DROD,0.63,222,222.00,63,37,0.6300,0.3700,no,2026-02-12T11:59:39.883135Z,82.14
d652f7b4-38d1-7e74-7bc5-ae7498332a41,KXVENEZUELALEADER2-26JUN01-DROD,0.72,16,16.00,72,28,0.7200,0.2800,no,2026-02-12T11:59:39.883135Z,4.48
c8e65c4a-9bae-78ab-68d0-62bae8b399dd,KXVENEZUELALEADER2-26JUN01-DROD,0.74,10,10.00,74,26,0.7400,0.2600,no,2026-02-12T11:59:39.883135Z,2.6
95350187-4605-7808-5d92-8b661695b06f,KXVENEZUELALEADER2-26JUN01-DROD,0.7,555,555.00,70,30,0.7000,0.3000,no,2026-02-12T11:59:39.883135Z,166.5
9148d888-647a-75d9-5d0c-e432f28e22da,KXVENEZUELALEADER2-26JUN01-DROD,0.75,30,30.00,75,25,0.7500,0.2500,no,2026-02-12T11:59:39.883135Z,7.5
7b8f8d37-042f-783e-7f27-212f6b8cf7a8,KXVENEZUELALEADER2-26JUN01-DROD,0.75,100,100.00,75,25,0.7500,0.2500,no,2026-02-12T11:59:39.883135Z,25.0
796a6cb0-2984-718e-5494-a5cccd2282b5,KXVENEZUELALEADER2-26JUN01-DROD,0.72,16,16.00,72,28,0.7200,0.2800,no,2026-02-12T11:59:39.883135Z,4.48
7370bb10-a7d2-7752-5e45-c2d533bed8c9,KXVENEZUELALEADER2-26JUN01-DROD,0.62,194,194.00,62,38,0.6200,0.3800,no,2026-02-12T11:59:39.883135Z,73.72
5d438c85-d2dc-797a-4224-6c70b1850bc0,KXVENEZUELALEADER2-26JUN01-DROD,0.72,15,15.00,72,28,0.7200,0.2800,no,2026-02-12T11:59:39.883135Z,4.2
322f5cc1-a6a6-7067-72b0-f014889aaaf9,KXVENEZUELALEADER2-26JUN01-DROD,0.71,8,8.00,71,29,0.7100,0.2900,no,2026-02-12T11:59:39.883135Z,2.32
2ac8ab9f-bded-714a-59cb-1fca3b338df9,KXVENEZUELALEADER2-26JUN01-DROD,0.73,12,12.00,73,27,0.7300,0.2700,no,2026-02-12T11:59:39.883135Z,3.24
2411d91d-1bb4-75fd-485a-feb4d18508ea,KXVENEZUELALEADER2-26JUN01-DROD,0.65,100,100.00,65,35,0.6500,0.3500,no,2026-02-12T11:59:39.883135Z,35.0
fdfad819-02ae-7901-6023-09bb0425ae12,KXPRESPERSON-28-DTRU,0.04,234,234.00,4,96,0.0400,0.9600,yes,2026-02-12T11:59:38.944933Z,9.36
7bd4365d-b838-69a2-3141-7be3dd820985,KXSAVEACT-27-JAN04,0.15,31,31.00,15,85,0.1500,0.8500,yes,2026-02-12T11:55:59.795999Z,4.65
90e69c8a-ef4c-4ab8-8cc8-54de6eccbf34,KXGREENLANDPRICE-29JAN21-NOACQ,0.79,100,100.00,79,21,0.7900,0.2100,yes,2026-02-12T11:55:58.240127Z,79.0
d34d995c-bc64-431a-9338-7126ccfab211,KXPRESPERSON-28-GNEWS,0.2,22,22.00,20,80,0.2000,0.8000,no,2026-02-12T11:55:27.934766Z,17.6
0a222675-f692-48da-4cba-0a216e83ef5f,KXSAVEACT-27-JAN04,0.14,11,11.00,14,86,0.1400,0.8600,no,2026-02-12T11:54:17.194342Z,9.46
0218a440-b554-6509-9c0d-3362cf80a754,KXPRESPERSON-28-PBUT,0.04,133,133.00,4,96,0.0400,0.9600,yes,2026-02-12T11:53:28.84336Z,5.32
0b9e9c34-3dbe-763d-d231-9181d1d8c58d,KXPAHLAVIHEAD-27JAN-RPAH,0.17,27,27.00,17,83,0.1700,0.8300,yes,2026-02-12T11:52:57.189242Z,4.59
9cb062f3-3048-4669-5ebf-c3f2225ce803,KXSAVEACT-27-JAN04,0.14,134,134.00,14,86,0.1400,0.8600,yes,2026-02-12T11:52:51.150415Z,18.76
600f9221-0926-7c85-6445-735f7497dd79,CONTROLS-2026-R,0.64,30,30.00,64,36,0.6400,0.3600,yes,2026-02-12T11:47:26.96099Z,19.2
432e8700-a912-7758-a38d-8f3cbeb61ff3,KXGORDONDENTONBY-26MAR01-MGOO,0.27,51,51.00,27,73,0.2700,0.7300,no,2026-02-12T11:47:09.365754Z,37.23
7ffaf68e-2fb8-4574-59ae-330ac80b78f8,CONTROLH-2026-R,0.23,82,82.00,23,77,0.2300,0.7700,yes,2026-02-12T11:47:00.97587Z,18.86
b3c10a8e-d098-65d2-1604-4cd3353765bd,KXSAVEACT-27-JAN04,0.15,31,31.00,15,85,0.1500,0.8500,yes,2026-02-12T11:46:32.629537Z,4.65
b2f86e26-1ba0-6466-dd3d-a6f220945965,KXSAVEACT-27-JAN04,0.15,62,62.00,15,85,0.1500,0.8500,yes,2026-02-12T11:46:06.791454Z,9.3
26325ffc-7490-7819-bed8-59f92dfe2ee0,KXSAVEACT-27-JAN04,0.14,57,57.00,14,86,0.1400,0.8600,yes,2026-02-12T11:45:46.873326Z,7.98
0fec5ad8-bd08-7703-bbde-f77bb96b5e9b,KXSAVEACT-27-JAN04,0.14,111,111.00,14,86,0.1400,0.8600,yes,2026-02-12T11:45:46.873326Z,15.54
a0f726cb-88d8-4193-eb69-eddbd2f98257,KXSAVEACT-27-JAN04,0.14,134,134.00,14,86,0.1400,0.8600,yes,2026-02-12T11:45:44.516238Z,18.76
c611889f-260b-7345-9029-d3bfa8e38e83,KXSAVEACT-27-JAN04,0.14,17,17.00,14,86,0.1400,0.8600,yes,2026-02-12T11:45:34.697047Z,2.38
bce5270b-bf45-7ded-acb8-a9bd859cf744,KXSAVEACT-27-JAN04,0.14,118,118.00,14,86,0.1400,0.8600,yes,2026-02-12T11:45:34.697047Z,16.52
083ead26-6080-7063-907a-342a514e62c7,KXSAVEACT-27-JAN04,0.14,55,55.00,14,86,0.1400,0.8600,yes,2026-02-12T11:45:34.697047Z,7.7
4fa5e293-6b07-52ed-c05a-053d48941e43,KXSAVEACT-27-JAN04,0.14,33,33.00,14,86,0.1400,0.8600,yes,2026-02-12T11:42:50.709896Z,4.62
6af9b91a-d563-69c2-f0cb-bc0fc8b04d8e,KXPRESPERSON-28-GNEWS,0.21,221,221.00,21,79,0.2100,0.7900,yes,2026-02-12T11:40:38.372639Z,46.41
e4c797ba-d27a-7609-48dc-6703479f0bfb,KXTRUTHSOCIAL-26FEB14-B190,0.25,55,55.00,25,75,0.2500,0.7500,yes,2026-02-12T11:38:44.564481Z,13.75
078270d1-1152-77c2-438d-67ba5eaf45bd,KXPRESPERSON-28-JVAN,0.25,7,7.00,25,75,0.2500,0.7500,yes,2026-02-12T11:38:32.109085Z,1.75
be755912-7e5d-6edb-49c7-2a96a9b7d32d,KXSAVEACT-27-JAN04,0.13,2,2.00,13,87,0.1300,0.8700,no,2026-02-12T11:37:16.210204Z,1.74
88a114df-4a92-6b48-5694-116797c33b6d,KXSAVEACT-27-JAN04,0.13,9,9.00,13,87,0.1300,0.8700,no,2026-02-12T11:37:16.210204Z,7.83
8df27bd6-bd1b-6c55-1d2a-ad104eb73d63,KXSAVEACT-27-JAN04,0.14,13,13.00,14,86,0.1400,0.8600,yes,2026-02-12T11:35:42.187107Z,1.82
ebdac30a-0e67-5f83-fd65-f4f79ae1443d,KXKHAMENEIOUT-AKHA-26JUL01,0.31,30,30.00,31,69,0.3100,0.6900,yes,2026-02-12T11:35:17.888677Z,9.3
921e17d2-30f7-7c65-cc0e-24dc7ec9d2d3,KXSAVEACT-27-JAN04,0.14,48,48.00,14,86,0.1400,0.8600,yes,2026-02-12T11:32:48.977276Z,6.72
7a332a1c-f16f-7477-da29-1f8eca4cd395,KXSAVEACT-27-JAN04,0.14,45,45.00,14,86,0.1400,0.8600,yes,2026-02-12T11:32:48.977276Z,6.3
66ffde33-7f53-7c11-ca6d-6e859c127f6e,KXSAVEACT-27-JAN04,0.14,530,530.00,14,86,0.1400,0.8600,yes,2026-02-12T11:32:48.977276Z,74.2
d583e1f9-ee4f-7051-7898-0882914e005e,KXSAVEACT-27-JAN04,0.14,67,67.00,14,86,0.1400,0.8600,yes,2026-02-12T11:32:00.940518Z,9.38
15c8c4ca-08d4-4fc0-6879-f43326e35198,CONTROLH-2026-R,0.23,41,41.00,23,77,0.2300,0.7700,yes,2026-02-12T11:30:25.341893Z,9.43
d16c7c83-b3cd-6215-cf22-8e04ac398794,KXSAVEACT-27-JAN04,0.13,11,11.00,13,87,0.1300,0.8700,no,2026-02-12T11:27:50.296902Z,9.57
96822f18-fbb7-629d-fef1-02c868af7daa,KXSAVEACT-27-JAN04,0.12,435,435.00,12,88,0.1200,0.8800,no,2026-02-12T11:27:50.296902Z,382.8
861516ad-69aa-6434-e3c7-05dc8a9bd625,KXSAVEACT-27-JAN04,0.13,109,109.00,13,87,0.1300,0.8700,no,2026-02-12T11:27:50.296902Z,94.83
6d53d068-2ae0-6cfe-e29b-dbfdf58bac91,KXSAVEACT-27-JAN04,0.13,117,117.00,13,87,0.1300,0.8700,no,2026-02-12T11:27:50.296902Z,101.79
daf31dff-1d4e-4881-c059-575e82e663c6,GOVPARTYAZ-26-R,0.39,4,4.00,39,61,0.3900,0.6100,no,2026-02-12T11:26:20.012048Z,2.44
9f2db127-9486-673f-84ad-e1ebfc7898c1,KXMJSCHEDULE-27,0.6,20,20.00,60,40,0.6000,0.4000,no,2026-02-12T11:20:46.080301Z,8.0
9d8c61bf-3e9d-6c51-bc04-73a8380d3ac2,KXMJSCHEDULE-27,0.6,6,6.00,60,40,0.6000,0.4000,no,2026-02-12T11:20:46.080301Z,2.4
85516477-28b8-78b0-f90e-64f3246b1b54,CONTROLH-2026-R,0.23,20,20.00,23,77,0.2300,0.7700,yes,2026-02-12T11:18:42.710253Z,4.6
cf010562-a947-5b4a-9810-086ceedbf9be,KXPRESPERSON-28-ABES,0.03,93,93.00,3,97,0.0300,0.9700,yes,2026-02-12T11:17:25.781126Z,2.79
5d2aba9d-734c-4d7a-099a-bf473f195b5b,KXSAVEACT-27-JAN04,0.14,13,13.00,14,86,0.1400,0.8600,yes,2026-02-12T11:06:28.021356Z,1.82
e477d5cf-a8f8-7e0a-9f55-636b59c7880e,CONTROLS-2026-D,0.37,200,200.00,37,63,0.3700,0.6300,yes,2026-02-12T11:06:15.629171Z,74.0
35ac4504-c723-765c-8d3f-e6bb52d5b8fc,CONTROLS-2026-D,0.37,317,317.00,37,63,0.3700,0.6300,yes,2026-02-12T11:06:15.629171Z,117.29
dd05a2f6-7e78-4eae-c694-93cfed3baccf,KXSAVEACT-27-JAN04,0.14,13,13.00,14,86,0.1400,0.8600,yes,2026-02-12T11:06:08.290769Z,1.82
1580e05a-8641-5568-1a59-5284200b6f84,CONTROLH-2026-D,0.78,6,6.00,78,22,0.7800,0.2200,yes,2026-02-12T11:05:38.023212Z,4.68
9a8cdef4-f66d-5bf8-6727-72589f2fda38,CONTROLH-2026-D,0.78,12,12.00,78,22,0.7800,0.2200,yes,2026-02-12T11:04:06.933508Z,9.36
5361abf8-6f90-458e-61e0-b461a8b434d7,KXSAVEACT-27-JAN04,0.14,67,67.00,14,86,0.1400,0.8600,yes,2026-02-12T11:03:45.505865Z,9.38
f4de5c90-70a0-5b72-8e0b-d52a9e06651b,KXSAVEACT-27-JAN04,0.14,33,33.00,14,86,0.1400,0.8600,yes,2026-02-12T11:02:07.833652Z,4.62
1882bdf4-6348-6fa6-5e2e-65a25965524b,KXSAVEACT-27-JAN04,0.14,78,78.00,14,86,0.1400,0.8600,yes,2026-02-12T10:59:20.725067Z,10.92
0210abc4-ac25-41f6-2f31-50b3ac05a1a1,KXSAVEACT-27-JAN04,0.13,5,5.00,13,87,0.1300,0.8700,no,2026-02-12T10:54:57.661562Z,4.35
a1f52691-1158-5f16-5c9c-ff44984df281,KXELECTIONBILL-27JAN01,0.33,21,21.00,33,67,0.3300,0.6700,no,2026-02-12T10:54:36.010863Z,14.07
552231e9-6b67-5cfd-5fe5-f4d76c2f633a,KXELECTIONBILL-27JAN01,0.33,22,22.00,33,67,0.3300,0.6700,no,2026-02-12T10:54:36.010863Z,14.74
b6028256-3478-4c06-ae6d-138948b4f617,KXSAVEACT-27-JAN04,0.14,67,67.00,14,86,0.1400,0.8600,yes,2026-02-12T10:54:32.520688Z,9.38
11d8e9a8-f6c4-6db4-30ad-4fe233dd7b04,KXLAGODAYS-26FEB-3,0.15,31,31.00,15,85,0.1500,0.8500,yes,2026-02-12T10:53:59.126508Z,4.65
1346072f-ffe0-7fdf-52a6-115d07e5528d,KXGORDONDENTONBY-26MAR01-MGOO,0.27,281,281.00,27,73,0.2700,0.7300,no,2026-02-12T10:52:10.297592Z,205.13
821d4f15-54a9-6f6d-bee9-ec2ace886dcb,KXGORDONDENTONBY-26MAR01-MGOO,0.27,100,100.00,27,73,0.2700,0.7300,no,2026-02-12T10:51:48.326649Z,73.0
7ab1299e-41c8-5e36-d2e1-66ecb563bcf3,KXSAVEACT-27-JAN04,0.14,158,158.00,14,86,0.1400,0.8600,yes,2026-02-12T10:51:24.271076Z,22.12
f0659a45-31ac-6e1e-bd93-50824112aebc,KXGORDONDENTONBY-26MAR01-HSPE,0.65,7,7.00,65,35,0.6500,0.3500,yes,2026-02-12T10:51:23.244782Z,4.55
d86eed40-902f-65d6-9049-bd588eb74947,KXGORDONDENTONBY-26MAR01-HSPE,0.65,20,20.00,65,35,0.6500,0.3500,yes,2026-02-12T10:51:23.244782Z,13.0
d7ca916a-5d37-6974-bc5d-61f863feb036,KXGORDONDENTONBY-26MAR01-HSPE,0.65,30,30.00,65,35,0.6500,0.3500,yes,2026-02-12T10:51:23.244782Z,19.5
197b35bb-bc0c-6ac8-9cde-5af52223e9aa,KXGORDONDENTONBY-26MAR01-HSPE,0.65,7,7.00,65,35,0.6500,0.3500,yes,2026-02-12T10:51:23.244782Z,4.55
849c320b-8419-6880-eeb2-dd0498bb47c3,KXGOVGANOMR-26-BR,0.18,114,114.00,18,82,0.1800,0.8200,yes,2026-02-12T10:50:22.82467Z,20.52
3e18bf7e-589f-5468-e7ef-26048b0f9855,KXSAVEACT-27-JAN04,0.13,2,2.00,13,87,0.1300,0.8700,no,2026-02-12T10:47:30.745Z,1.74
bc175035-53f5-7b85-2dc0-fde0aaedd00b,KXPRESPERSON-28-JVAN,0.24,19,19.00,24,76,0.2400,0.7600,no,2026-02-12T10:45:59.738143Z,14.44
5b85139a-1c74-4bbc-fe0b-535580540cd8,CONTROLH-2026-R,0.23,20,20.00,23,77,0.2300,0.7700,yes,2026-02-12T10:43:41.059875Z,4.6
f2fc2754-db1b-656d-97c9-32acd15a098c,KXTRUTHSOCIAL-26FEB14-T200,0.34,5,5.00,34,66,0.3400,0.6600,yes,2026-02-12T10:38:38.531812Z,1.7
936639e1-6670-679e-84e8-820c94826974,KXTRUTHSOCIAL-26FEB14-T200,0.34,28,28.00,34,66,0.3400,0.6600,yes,2026-02-12T10:38:38.531812Z,9.52
43726630-9d1c-5a92-1010-face7b1c5853,KXSAVEACT-27-JAN04,0.14,67,67.00,14,86,0.1400,0.8600,yes,2026-02-12T10:36:38.214556Z,9.38
e1f6ddc1-87d1-77e3-c1a7-f42b6ce96044,KXTRUTHSOCIAL-26FEB14-T200,0.3,54,54.00,30,70,0.3000,0.7000,yes,2026-02-12T10:34:22.383437Z,16.2
56dd2c1e-5da0-790c-f40e-e04cc661bfbe,KXTRUTHSOCIAL-26FEB14-T200,0.3,101,101.00,30,70,0.3000,0.7000,yes,2026-02-12T10:34:22.383437Z,30.3
e260e9e5-fde4-72c2-3b7d-5031d44cd533,KXSAVEACT-27-JAN04,0.14,444,444.00,14,86,0.1400,0.8600,yes,2026-02-12T10:34:03.666854Z,62.16
48704bb2-9bad-7754-aae7-22a8de40649c,CONTROLH-2026-D,0.78,25,25.00,78,22,0.7800,0.2200,yes,2026-02-12T10:33:37.921043Z,19.5
aa9e10b4-b4c1-5ef6-3d20-ecea39563bc3,KXTRUTHSOCIAL-26FEB14-T200,0.29,4,4.00,29,71,0.2900,0.7100,yes,2026-02-12T10:33:37.800266Z,1.16
a33299dc-a8fa-6495-6c7f-7953e7d8f99b,KXTRUTHSOCIAL-26FEB14-B190,0.25,4,4.00,25,75,0.2500,0.7500,yes,2026-02-12T10:31:01.041858Z,1.0
b81133b6-25fc-6172-5447-7d1edf90cb10,KXELECTIONBILL-27JAN01,0.34,5,5.00,34,66,0.3400,0.6600,yes,2026-02-12T10:30:44.631399Z,1.7
21bb09a0-2020-426a-c880-f7fdfbc8b2d7,KXSAVEACT-27-JAN04,0.14,202,202.00,14,86,0.1400,0.8600,yes,2026-02-12T10:25:53.379878Z,28.28
efd7b8b2-fad1-7165-f459-928b5cee4bdf,KXPRESPERSON-28-JVAN,0.24,87,87.00,24,76,0.2400,0.7600,no,2026-02-12T10:24:52.760006Z,66.12
1ad825bd-f048-6efe-9457-649e88fcaaa3,KXSAVEACT-27-JAN04,0.14,19,19.00,14,86,0.1400,0.8600,yes,2026-02-12T10:23:59.54486Z,2.66
3fb1d5a8-8a73-6811-0aa7-b009ebbce91a,KXSAVEACT-27-JAN04,0.13,16,16.00,13,87,0.1300,0.8700,yes,2026-02-12T10:21:58.782759Z,2.08
ca1245b2-629e-69e8-3bd1-c9f9f4d987cd,KXTRUTHSOCIAL-26FEB14-T200,0.29,6,6.00,29,71,0.2900,0.7100,yes,2026-02-12T10:21:14.864532Z,1.74
0fd25472-7c80-5182-0989-4e243fc9fb6f,KXSAVEACT-27-JAN04,0.14,13,13.00,14,86,0.1400,0.8600,yes,2026-02-12T10:20:40.838279Z,1.82
d3d02081-9e79-7111-736e-eb4580fe7110,KXSAVEACT-27-JAN04,0.13,9,9.00,13,87,0.1300,0.8700,no,2026-02-12T10:19:17.602578Z,7.83
5362b165-f643-696b-2249-2679a1cf7cf4,SENATENC-26-D,0.78,20,20.00,78,22,0.7800,0.2200,no,2026-02-12T10:10:17.618967Z,4.4
56ba9b5c-2bc0-4eb6-7f78-07e491dcc960,KXELECTIONBILL-27JAN01,0.34,67,67.00,34,66,0.3400,0.6600,yes,2026-02-12T10:10:02.670314Z,22.78
54c292af-c21f-6bf2-f0c0-eb7c0f5de5b6,KXNEPALHOUSE-26MAR05-RSP,0.65,277,277.00,65,35,0.6500,0.3500,no,2026-02-12T10:09:37.125612Z,96.95
84056dcf-784c-62c8-779e-d6d84d0ea89b,CONTROLH-2026-R,0.22,19,19.00,22,78,0.2200,0.7800,no,2026-02-12T10:05:31.016362Z,14.82
f3f41c03-9b41-64ac-e16f-b759794a5b45,KXELECTIONBILL-26MAY01,0.35,750,750.00,35,65,0.3500,0.6500,yes,2026-02-12T10:05:21.803389Z,262.5
f04f315d-081e-67bc-c100-ef09f227d3b6,KXELECTIONBILL-26MAY01,0.15,100,100.00,15,85,0.1500,0.8500,yes,2026-02-12T10:05:21.803389Z,15.0
d3a8913d-184b-6361-f86a-f7cf44b823c4,KXELECTIONBILL-26MAY01,0.14,60,60.00,14,86,0.1400,0.8600,yes,2026-02-12T10:05:21.803389Z,8.4
bcaaec4a-76ce-6991-dfe1-ccd76aa6a2c3,KXELECTIONBILL-26MAY01,0.36,3096,3096.00,36,64,0.3600,0.6400,yes,2026-02-12T10:05:21.803389Z,1114.56
b93e2976-1891-6330-f446-3a2ef4eb0d03,KXELECTIONBILL-26MAY01,0.17,328,328.00,17,83,0.1700,0.8300,yes,2026-02-12T10:05:21.803389Z,55.76
a56e6a46-14cc-6a89-cd8f-6f27d4a2cf05,KXELECTIONBILL-26MAY01,0.29,100,100.00,29,71,0.2900,0.7100,yes,2026-02-12T10:05:21.803389Z,29.0
8a89eb76-13b4-6cb4-cc2b-920ae9a0c9a3,KXELECTIONBILL-26MAY01,0.16,25,25.00,16,84,0.1600,0.8400,yes,2026-02-12T10:05:21.803389Z,4.0
82279956-dbf5-6a83-c07d-64eb73082a23,KXELECTIONBILL-26MAY01,0.14,3000,3000.00,14,86,0.1400,0.8600,yes,2026-02-12T10:05:21.803389Z,420.0
6aef7962-6e0c-65af-f574-8937fb8fdde8,KXELECTIONBILL-26MAY01,0.27,50,50.00,27,73,0.2700,0.7300,yes,2026-02-12T10:05:21.803389Z,13.5
67316001-cf32-6b33-d739-90dd92054cfb,KXELECTIONBILL-26MAY01,0.2,100,100.00,20,80,0.2000,0.8000,yes,2026-02-12T10:05:21.803389Z,20.0
6436794a-b37e-6edb-e30e-7bc43c1237a5,KXELECTIONBILL-26MAY01,0.14,629,629.00,14,86,0.1400,0.8600,yes,2026-02-12T10:05:21.803389Z,88.06
5ec9420e-f5a6-6e7d-f61f-5eb6d468f790,KXELECTIONBILL-26MAY01,0.14,56,56.00,14,86,0.1400,0.8600,yes,2026-02-12T10:05:21.803389Z,7.84
23632a7a-dd24-6abb-dd8d-8bc203abfe23,KXELECTIONBILL-26MAY01,0.3,500,500.00,30,70,0.3000,0.7000,yes,2026-02-12T10:05:21.803389Z,150.0
01a4cc7f-c7de-6430-eeeb-d9146b53ffa9,KXELECTIONBILL-26MAY01,0.28,50,50.00,28,72,0.2800,0.7200,yes,2026-02-12T10:05:21.803389Z,14.0
95c3b5ca-cf83-62c5-15cc-fa6937e469af,KXTRUTHSOCIAL-26FEB14-B149,0.12,25,25.00,12,88,0.1200,0.8800,no,2026-02-12T10:04:55.481207Z,22.0
59811467-d0a8-4287-4ceb-954c4af61c75,KXKHAMENEIOUT-AKHA-26MAR01,0.06,5,5.00,6,94,0.0600,0.9400,no,2026-02-12T10:04:49.890821Z,4.7
2841a011-c7b2-4372-5d46-63a0c7164b8d,KXTRUTHSOCIAL-26FEB14-B129,0.13,85,85.00,13,87,0.1300,0.8700,no,2026-02-12T10:04:42.333161Z,73.95
ff624c4d-956c-6efc-70d4-f7ffe8a8494c,KXKHAMENEIOUT-AKHA-26MAR01,0.06,1969,1969.00,6,94,0.0600,0.9400,no,2026-02-12T10:02:47.350906Z,1850.86
a0b36bf3-8718-69b3-491f-d89e131b32a1,KXKHAMENEIOUT-AKHA-26MAR01,0.06,2664,2664.00,6,94,0.0600,0.9400,no,2026-02-12T10:02:47.350906Z,2504.16
1cff9dc8-6d77-6708-5d40-0e60d2ab9497,KXKHAMENEIOUT-AKHA-26MAR01,0.06,2,2.00,6,94,0.0600,0.9400,no,2026-02-12T10:02:47.350906Z,1.88
06e77307-c89d-61c2-5c85-6eabc8027806,KXKHAMENEIOUT-AKHA-26MAR01,0.06,2,2.00,6,94,0.0600,0.9400,no,2026-02-12T10:02:47.350906Z,1.88
c2fea721-bb99-5311-97fb-85766313e33f,KXPRESPERSON-28-JVAN,0.24,12,12.00,24,76,0.2400,0.7600,no,2026-02-12T10:02:06.85075Z,9.12
acdb6691-375a-648d-0402-18b6ae7ca42b,KXARMENIAPARLI-26-ALLIANCE,0.24,4,4.00,24,76,0.2400,0.7600,no,2026-02-12T10:01:57.1806Z,3.04
bcbf01e7-214c-4dfe-a4ab-dabc108362cb,KXSAVEACT-27-JAN04,0.14,101,101.00,14,86,0.1400,0.8600,yes,2026-02-12T10:01:39.837202Z,14.14
d3396c80-f0b1-6cb6-162e-68cf53120aa5,KXGORDONDENTONBY-26MAR01-HSPE,0.65,191,191.00,65,35,0.6500,0.3500,yes,2026-02-12T10:01:29.17807Z,124.15
74a272e0-ad2e-55d4-5d14-9f2a141f617b,KXKHAMENEIOUT-AKHA-26SEP01,0.38,125,125.00,38,62,0.3800,0.6200,yes,2026-02-12T10:01:12.259985Z,47.5
74715ab5-051c-42ea-10c8-75a9c0cde17b,KXSAVEACT-27-JAN04,0.14,33,33.00,14,86,0.1400,0.8600,yes,2026-02-12T10:00:53.492497Z,4.62
2d387f12-91b4-4cfa-d018-55bdfee1a95b,KXSAVEACT-27-JAN04,0.14,134,134.00,14,86,0.1400,0.8600,yes,2026-02-12T10:00:26.57658Z,18.76
caf497b9-8a7d-5c60-c2a5-facda5e3c91a,KXKHAMENEIOUT-AKHA-26MAR01,0.07,67,67.00,7,93,0.0700,0.9300,yes,2026-02-12T07:58:33.163803Z,4.69
622c9bc4-1ada-69df-9a7c-7d4d7a3e633a,CONTROLH-2026-D,0.77,7,7.00,77,23,0.7700,0.2300,no,2026-02-12T07:56:36.282224Z,1.61
360f960e-c930-6062-da8b-f0ce5a8f3857,KXSAVEACT-27-JAN04,0.14,33,33.00,14,86,0.1400,0.8600,yes,2026-02-12T07:56:35.493223Z,4.62
9e70eb63-325f-7c7e-7159-0cc63d272df7,CONTROLS-2026-R,0.63,7,7.00,63,37,0.6300,0.3700,no,2026-02-12T07:56:18.731841Z,2.59
4165e6bc-e120-418e-4e96-315f5ae1b1bf,KXSAVEACT-27-JAN04,0.14,34,34.00,14,86,0.1400,0.8600,yes,2026-02-12T07:56:08.099747Z,4.76
f0d36d4a-fc87-6485-a69d-3ba43c329663,KXMJSCHEDULE-26JUL,0.32,1250,1250.00,32,68,0.3200,0.6800,no,2026-02-12T07:54:52.772982Z,850.0
d503d3a3-f983-61dd-a760-6d233e98f2e4,KXMJSCHEDULE-26JUL,0.37,7,7.00,37,63,0.3700,0.6300,no,2026-02-12T07:54:52.772982Z,4.41
6671acb8-94d5-6efd-be04-e38b768c922f,KXMJSCHEDULE-26JUL,0.36,159,159.00,36,64,0.3600,0.6400,no,2026-02-12T07:54:52.772982Z,101.76
646b92ce-ba38-6034-b98b-ddae027c78b3,KXMJSCHEDULE-26JUL,0.36,4,4.00,36,64,0.3600,0.6400,no,2026-02-12T07:54:52.772982Z,2.56
5a3bb931-5fcb-6bf8-bda6-d9cfb5027f0c,KXMJSCHEDULE-26JUL,0.33,150,150.00,33,67,0.3300,0.6700,no,2026-02-12T07:54:52.772982Z,100.5
58cb1943-4390-6146-9d9c-b057b1cdedff,KXMJSCHEDULE-26JUL,0.35,67,67.00,35,65,0.3500,0.6500,no,2026-02-12T07:54:52.772982Z,43.55
4d77993e-d143-61f1-bc2e-47243bb05ad4,KXMJSCHEDULE-26JUL,0.32,100,100.00,32,68,0.3200,0.6800,no,2026-02-12T07:54:52.772982Z,68.0
404a95a4-1930-6c3d-b387-20e053e24d6d,KXMJSCHEDULE-26JUL,0.28,5262,5262.00,28,72,0.2800,0.7200,no,2026-02-12T07:54:52.772982Z,3788.64
8d26e2c7-70a1-50e3-0861-b1b10c31f11a,KXGORDONDENTONBY-26MAR01-ASTO,0.07,36,36.00,7,93,0.0700,0.9300,yes,2026-02-12T07:54:37.932415Z,2.52
1c7990ae-6058-6d76-1ef8-c280ca163d8f,KXSAVEACT-27-JAN04,0.14,67,67.00,14,86,0.1400,0.8600,yes,2026-02-12T07:54:36.691755Z,9.38
2e766d71-9c8d-689b-0044-87bdfc2b1dea,KXGORDONDENTONBY-26MAR01-ASTO,0.07,100,100.00,7,93,0.0700,0.9300,yes,2026-02-12T07:53:30.20163Z,7.0
47e2cddb-d296-699e-1740-6eb83e6c5879,KXPRESPERSON-28-JVAN,0.25,30,30.00,25,75,0.2500,0.7500,yes,2026-02-12T07:52:43.723869Z,7.5
642afe9f-10b5-6d9b-4d0a-2810ac3cf59a,KXGORDONDENTONBY-26MAR01-ASTO,0.07,15,15.00,7,93,0.0700,0.9300,yes,2026-02-12T07:52:14.235425Z,1.05
d1dca271-0e5c-4979-7efa-d6e128e7524f,KXGORDONDENTONBY-26MAR01-MGOO,0.28,100,100.00,28,72,0.2800,0.7200,no,2026-02-12T07:51:51.803515Z,72.0
ac193cd7-8559-529b-79a8-0ea78613f0ba,KXGORDONDENTONBY-26MAR01-ASTO,0.07,229,229.00,7,93,0.0700,0.9300,yes,2026-02-12T07:51:44.95252Z,16.03
cff463a9-6eed-629c-74b3-ce23fe71e99d,KXTRUTHSOCIAL-26FEB14-B89,0.02,51,51.00,2,98,0.0200,0.9800,yes,2026-02-12T07:50:36.064293Z,1.02
9ca28d52-6216-5d57-1e1a-46ccb543a484,KXLAGODAYS-26FEB-1,0.01,841,841.00,1,99,0.0100,0.9900,yes,2026-02-12T07:49:53.513285Z,8.41
c0e9979a-abc9-761a-d99c-53c3173b4d42,KXWARSHNOM-26FEB20-T0,0.13,19,19.00,13,87,0.1300,0.8700,no,2026-02-12T07:48:02.39797Z,16.53
b0791e22-be67-65df-c820-5ecaa147e4be,KXXITAIWAN-30JAN01,0.25,97,97.00,25,75,0.2500,0.7500,no,2026-02-12T07:46:26.179486Z,72.75
8ab97e86-2e17-616f-e105-556a29603320,KXXITAIWAN-30JAN01,0.23,79,79.00,23,77,0.2300,0.7700,no,2026-02-12T07:46:26.179486Z,60.83
ed28c461-8668-4ff9-3f86-89113bc9efca,KXXITAIWAN-27JAN01,0.06,44,44.00,6,94,0.0600,0.9400,no,2026-02-12T07:46:13.575245Z,41.36
caef58b9-523f-4b62-3b81-03e6d4f2e996,KXXITAIWAN-27JAN01,0.05,48,48.00,5,95,0.0500,0.9500,no,2026-02-12T07:46:13.575245Z,45.6
b31048d1-bfab-4b53-13f2-ae27e4992bed,KXXITAIWAN-27JAN01,0.05,578,578.00,5,95,0.0500,0.9500,no,2026-02-12T07:46:13.575245Z,549.1
8f00e03f-be96-42fb-1f2e-a6cde57ee76f,KXXITAIWAN-27JAN01,0.05,49,49.00,5,95,0.0500,0.9500,no,2026-02-12T07:46:13.575245Z,46.55
699efc4c-578c-48e1-1de4-1e5124db67b6,KXXITAIWAN-27JAN01,0.06,20,20.00,6,94,0.0600,0.9400,no,2026-02-12T07:46:13.575245Z,18.8
59b6e9ed-698b-4692-0a10-6e65b740a00d,KXXITAIWAN-27JAN01,0.05,48,48.00,5,95,0.0500,0.9500,no,2026-02-12T07:46:13.575245Z,45.6
e85dff80-421f-5682-eeb2-95763d458e6b,KXXITAIWAN-29JAN01,0.21,100,100.00,21,79,0.2100,0.7900,no,2026-02-12T07:45:57.383919Z,79.0
546d31e1-cf26-5f8a-f274-6c4312dc4ca8,KXXITAIWAN-29JAN01,0.19,233,233.00,19,81,0.1900,0.8100,no,2026-02-12T07:45:57.383919Z,188.73
51ffcead-fd8b-5eb4-db69-fba6cf46aaae,KXXITAIWAN-29JAN01,0.22,32,32.00,22,78,0.2200,0.7800,no,2026-02-12T07:45:57.383919Z,24.96
c76958b7-f4f7-4283-f268-eaa02e7a24b5,KXPRESPERSON-28-MRUB,0.09,76,76.00,9,91,0.0900,0.9100,no,2026-02-12T07:45:13.504582Z,69.16
ae7e0532-115c-4621-edad-c59ebb852d52,KXPRESPERSON-28-MRUB,0.09,10,10.00,9,91,0.0900,0.9100,no,2026-02-12T07:45:13.504582Z,9.1
38b898df-5f97-4c46-d06a-0ca2562dbfd4,KXPRESPERSON-28-MRUB,0.09,100,100.00,9,91,0.0900,0.9100,no,2026-02-12T07:45:13.504582Z,91.0
1db8a7d6-3542-4648-ce11-112fd0259123,KXPRESPERSON-28-MRUB,0.09,60,60.00,9,91,0.0900,0.9100,no,2026-02-12T07:45:13.504582Z,54.6
ea949bab-29a2-49e1-8f14-487f8c5e8c75,CONTROLS-2026-R,0.64,25,25.00,64,36,0.6400,0.3600,yes,2026-02-12T07:45:11.082307Z,16.0
d6f124b5-fd18-6eb6-3682-1edad700671f,KXSAVEACT-27-JAN04,0.14,67,67.00,14,86,0.1400,0.8600,yes,2026-02-12T07:44:52.206111Z,9.38
886ea1d4-8359-47cb-22ed-988a25731cb0,KXGREENTERRITORY-29,0.43,11,11.00,43,57,0.4300,0.5700,yes,2026-02-12T07:42:26.907981Z,4.73
693e61b2-a38b-4bb9-12d3-07d69ca067e5,KXGREENTERRITORY-29,0.43,16,16.00,43,57,0.4300,0.5700,yes,2026-02-12T07:42:26.907981Z,6.88
668a47e1-3a13-4401-091b-95521b8173a9,KXGREENTERRITORY-29,0.43,17,17.00,43,57,0.4300,0.5700,yes,2026-02-12T07:42:26.907981Z,7.31
44cad4e4-8559-5d1e-abd2-8f927cafdd7c,KXGREENTERRITORY-29-27,0.18,105,105.00,18,82,0.1800,0.8200,yes,2026-02-12T07:42:04.725397Z,18.9
fc070b92-b7b7-768b-f5ac-2523b1885740,KXKHAMENEIOUT-AKHA-26APR01,0.16,45,45.00,16,84,0.1600,0.8400,no,2026-02-12T07:41:22.391641Z,37.8
a2632c3e-9aa4-4ebc-2365-05bf633e730c,KXGREENLANDPRICE-29JAN21-NOACQ,0.79,12,12.00,79,21,0.7900,0.2100,yes,2026-02-12T07:40:02.182051Z,9.48
8f9667df-05ed-6259-f0c0-fc1ad7a55083,KXPRESPERSON-28-JVAN,0.24,352,352.00,24,76,0.2400,0.7600,no,2026-02-12T07:39:17.320306Z,267.52
c8f5feab-5452-6443-3b02-a1291badfacc,KXGREENTERRITORY-29,0.42,218,218.00,42,58,0.4200,0.5800,no,2026-02-12T07:37:55.604308Z,126.44
67d871eb-5d1c-734a-cd56-99885f938d54,KXELECTIONBILL-27JAN01,0.34,14,14.00,34,66,0.3400,0.6600,yes,2026-02-12T07:35:16.509887Z,4.76
2557c635-be54-6c75-5172-92483f7cedd8,KXPRESPERSON-28-PBUT,0.04,46,46.00,4,96,0.0400,0.9600,yes,2026-02-12T07:33:01.250182Z,1.84
ad0124ea-a29a-4183-c919-ea75bda3b76d,KXELECTIONBILL-26MAY01,0.14,134,134.00,14,86,0.1400,0.8600,yes,2026-02-12T07:31:14.3204Z,18.76
3d09b8c8-6068-7376-ab96-a4822ed049ab,KXSAVEACT-27-JAN04,0.14,134,134.00,14,86,0.1400,0.8600,yes,2026-02-12T07:30:47.16832Z,18.76
2a370cfb-a7fa-5265-2305-28d4c869d354,KXTRUTHSOCIAL-26FEB14-B109,0.08,54,54.00,8,92,0.0800,0.9200,yes,2026-02-12T07:29:28.586132Z,4.32
e254f6a4-c42c-4fb6-6d01-1e7b2280aea3,KXSAVEACT-27-JAN04,0.14,134,134.00,14,86,0.1400,0.8600,yes,2026-02-12T07:27:43.997954Z,18.76
15ad916f-be99-5308-f319-ff3b9d978980,CONTROLH-2026-D,0.78,63,63.00,78,22,0.7800,0.2200,yes,2026-02-12T07:27:07.936779Z,49.14
3ed63ced-9774-6882-231b-9c16ff6395cf,KXSAVEACT-27-JAN04,0.14,134,134.00,14,86,0.1400,0.8600,yes,2026-02-12T07:26:50.170973Z,18.76
bf1f7516-6ff4-4356-d432-ac03aa97b4a3,KXSAVEACT-27-JAN04,0.14,673,673.00,14,86,0.1400,0.8600,yes,2026-02-12T07:25:43.346132Z,94.22
6416049d-d1f4-6f6b-2d2c-b45be68f96dd,KXLAGODAYS-26FEB-2,0.02,561,561.00,2,98,0.0200,0.9800,yes,2026-02-12T07:21:50.97171Z,11.22
feb7b68f-ba66-6a6c-3f63-52d831aea0fc,KXLAGODAYS-26FEB-0,0.01,1122,1122.00,1,99,0.0100,0.9900,yes,2026-02-12T07:20:46.291709Z,11.22
b512fcd3-289c-7f6e-740f-c8988b2a78a3,KXSAVEACT-27-JAN04,0.14,33,33.00,14,86,0.1400,0.8600,yes,2026-02-12T07:19:31.787544Z,4.62
0bf8b3b7-0e12-627b-6ce1-b9cc487d62d8,KXLAGODAYS-26FEB-1,0.01,1402,1402.00,1,99,0.0100,0.9900,yes,2026-02-12T07:19:12.353497Z,14.02
d6f5ab2f-a888-7914-9d48-4a47010f44e4,CONTROLH-2026-R,0.23,207,207.00,23,77,0.2300,0.7700,yes,2026-02-12T07:19:01.12505Z,47.61
ac16ba86-5d14-639c-2344-0f5b183aaa5c,KXKHAMENEIOUT-AKHA-26JUL01,0.3,4,4.00,30,70,0.3000,0.7000,no,2026-02-12T07:18:50.157671Z,2.8
50ee94d8-5f20-7fe8-5075-76cc94ac2c68,KXKHAMENEIOUT-AKHA-26MAR01,0.06,131,131.00,6,94,0.0600,0.9400,no,2026-02-12T07:18:45.745106Z,123.14
02025da9-d3e3-58ea-a865-351e8b8ea012,KXPRESPERSON-28-GNEWS,0.21,112,112.00,21,79,0.2100,0.7900,yes,2026-02-12T07:18:18.845367Z,23.52
e1f339aa-9e13-4824-82c7-0e5b5975bc81,KXTRUTHSOCIAL-26FEB14-B190,0.27,5,5.00,27,73,0.2700,0.7300,yes,2026-02-12T07:15:45.127961Z,1.35
3ce9dabc-84ca-44ad-86f4-da97b5aec87c,KXTRUTHSOCIAL-26FEB14-B190,0.27,5,5.00,27,73,0.2700,0.7300,yes,2026-02-12T07:15:45.127961Z,1.35
1258c5b6-8844-4730-9f84-6fae2ddd4249,KXTRUTHSOCIAL-26FEB14-B190,0.27,6,6.00,27,73,0.2700,0.7300,yes,2026-02-12T07:15:45.127961Z,1.62
1cf73c8d-7720-76ce-0e68-3bfb9ac5707f,KXSAVEACT-27-JAN04,0.14,134,134.00,14,86,0.1400,0.8600,yes,2026-02-12T07:13:18.272423Z,18.76
436089ae-cbde-55b0-a6f8-4cb2b03920e9,KXLAGODAYS-26FEB-4,0.61,31,31.00,61,39,0.6100,0.3900,yes,2026-02-12T07:11:35.98198Z,18.91
b358d476-6542-53b4-ac32-29de90cad002,KXTRUTHSOCIAL-26FEB14-B169,0.16,193,193.00,16,84,0.1600,0.8400,yes,2026-02-12T07:09:33.555187Z,30.88
8262addc-c0c0-5723-a6d7-43c387cff473,KXTRUTHSOCIAL-26FEB14-B169,0.17,95,95.00,17,83,0.1700,0.8300,yes,2026-02-12T07:09:33.555187Z,16.15
4ca9a388-7a93-4aea-454d-48d22f185c5a,KXPRESPERSON-28-GNEWS,0.21,9,9.00,21,79,0.2100,0.7900,yes,2026-02-12T07:08:36.994718Z,1.89
ab409b78-4f6e-7751-63ec-fcc09ca28cbe,KXGREENLANDPRICE-29JAN21-NOACQ,0.78,30,30.00,78,22,0.7800,0.2200,yes,2026-02-12T07:06:57.765887Z,23.4
635db4b0-db49-73be-709b-e7022e6a6704,KXGREENLANDPRICE-29JAN21-NOACQ,0.78,1400,1400.00,78,22,0.7800,0.2200,yes,2026-02-12T07:06:57.765887Z,1092.0
55c2c301-a726-75cf-483e-c3ca5a8164b2,KXGREENLANDPRICE-29JAN21-NOACQ,0.77,433,433.00,77,23,0.7700,0.2300,yes,2026-02-12T07:06:57.765887Z,333.41
03299ef6-6bb8-71b3-4cc4-61ee242a7a0b,KXGREENLANDPRICE-29JAN21-NOACQ,0.78,140,140.00,78,22,0.7800,0.2200,yes,2026-02-12T07:06:57.765887Z,109.2
0025b5ca-9eaa-7790-5dc9-1179e32ce5de,KXGREENLANDPRICE-29JAN21-NOACQ,0.78,139,139.00,78,22,0.7800,0.2200,yes,2026-02-12T07:06:57.765887Z,108.42
df391fa2-c7a8-6ba6-cab1-9ea796180dc3,KXSAVEACT-27-JAN04,0.14,33,33.00,14,86,0.1400,0.8600,yes,2026-02-12T07:06:54.8601Z,4.62
866003bd-22b6-767d-49f9-609ea6b97313,KXLAGODAYS-26FEB-3,0.14,12,12.00,14,86,0.1400,0.8600,no,2026-02-12T07:03:51.792701Z,10.32
278fd005-bbc0-78e3-486a-acee8ccc4c22,KXLAGODAYS-26FEB-3,0.14,2,2.00,14,86,0.1400,0.8600,no,2026-02-12T07:03:51.792701Z,1.72
904bf7df-4104-54b2-08e3-973e16bf6817,KXSAVEACT-27-JAN04,0.14,673,673.00,14,86,0.1400,0.8600,yes,2026-02-12T07:03:36.167403Z,94.22
52dc4ddc-3b48-5812-bc11-b18f8389e877,KXSAVEACT-27-JAN04,0.14,134,134.00,14,86,0.1400,0.8600,yes,2026-02-12T07:02:56.134484Z,18.76
ce669289-a4e8-641c-ac2e-4aacb336fda0,CONTROLH-2026-R,0.23,41,41.00,23,77,0.2300,0.7700,yes,2026-02-12T07:02:30.259313Z,9.43
e312ca37-0031-6b61-dcfe-fc512f6f055a,KXSAVEACT-27-JAN04,0.14,661,661.00,14,86,0.1400,0.8600,yes,2026-02-12T06:59:57.696981Z,92.54
c61af20e-52b9-61f6-ed0c-7ca8e4b0ac73,KXSAVEACT-27-JAN04,0.14,20,20.00,14,86,0.1400,0.8600,yes,2026-02-12T06:59:57.696981Z,2.8
37f66874-e890-6fb2-eebc-104c0433bb43,KXSAVEACT-27-JAN04,0.14,329,329.00,14,86,0.1400,0.8600,yes,2026-02-12T06:59:57.696981Z,46.06
a2bda941-da55-6d4d-6e76-de55a5ef3916,KXSAVEACT-27-JAN04,0.14,67,67.00,14,86,0.1400,0.8600,yes,2026-02-12T06:55:55.14554Z,9.38
64970150-5357-6309-e8c6-7dbd17a77ad2,KXGOVGANOMR-26-BJ,0.42,11,11.00,42,58,0.4200,0.5800,yes,2026-02-12T06:55:49.458502Z,4.62
b4ce77ee-fbd4-4a3e-11d3-d768d1553068,KXSAVEACT-27-JAN04,0.13,10,10.00,13,87,0.1300,0.8700,no,2026-02-12T06:55:19.104883Z,8.7
699acecf-1955-57b0-0d04-009943da1ae4,CONTROLH-2026-D,0.78,18,18.00,78,22,0.7800,0.2200,yes,2026-02-12T06:50:09.697454Z,14.04
1ec08875-c2f5-6135-1d6b-99bacbb071a6,KXSAVEACT-27-JAN04,0.14,134,134.00,14,86,0.1400,0.8600,yes,2026-02-12T06:48:24.925327Z,18.76
972bc7f3-dcc5-5ba0-5ba4-fbf5530af058,CONTROLH-2026-D,0.78,22,22.00,78,22,0.7800,0.2200,yes,2026-02-12T06:47:35.832978Z,17.16
40e385c7-9ec4-6edf-8fff-44ad70905c16,KXSAVEACT-27-JAN04,0.13,33,33.00,13,87,0.1300,0.8700,yes,2026-02-12T06:47:22.77893Z,4.29
48e7b9e9-0e44-4a9f-4df0-90f5cd9caeb7,KXSAVEACT-27-JAN04,0.13,2,2.00,13,87,0.1300,0.8700,no,2026-02-12T06:46:01.191386Z,1.74
cdfb3c21-7109-7b24-b99b-37bf97ce8634,CONTROLH-2026-D,0.78,7,7.00,78,22,0.7800,0.2200,yes,2026-02-12T06:45:59.768495Z,5.46
49c4d523-9a40-7289-140d-2563e2e54064,SENATEAR-26-R,0.98,5,5.00,98,2,0.9800,0.0200,yes,2026-02-12T06:45:20.039199Z,4.9
b25ff9e4-76b0-4f27-5854-1251e1bd316a,KXSAVEACT-27-JAN04,0.13,12,12.00,13,87,0.1300,0.8700,yes,2026-02-12T06:44:37.895944Z,1.56
4b73333e-bcd7-5e2e-2ebe-e19089e75854,KXSAVEACT-27-JAN04,0.13,21,21.00,13,87,0.1300,0.8700,yes,2026-02-12T06:43:31.362591Z,2.73
28885c6f-d546-4ffd-aa26-d81f52e9e891,CONTROLS-2026-R,0.64,100,100.00,64,36,0.6400,0.3600,yes,2026-02-12T06:43:27.745961Z,64.0
608da1db-65af-7ebb-0e41-33b9fc53b29c,KXKHAMENEIOUT-AKHA-26APR01,0.16,10,10.00,16,84,0.1600,0.8400,no,2026-02-12T06:43:25.524763Z,8.4
fc353921-083e-5662-c5d9-cc1ca03fa865,SENATEFLS-26-R,0.91,5,5.00,91,9,0.9100,0.0900,yes,2026-02-12T06:43:17.280521Z,4.55
