trade_id,ticker,price,count,count_fp,yes_price,no_price,yes_price_dollars,no_price_dollars,taker_side,created_time,created_time_et,value_usd
edb81e98-e1b2-4272-7dde-b59dcf71ff57,KXALIENS-27,0.16,4918,4918.00,16,84,0.1600,0.8400,no,2026-02-18T19:32:45.30636Z,2026-02-18T19:32:45.30636Z,4131.12
93ceed69-992a-5981-786d-5368de1bc2c1,KXKHAMENEIOUT-AKHA-26APR01,0.26,4530,4530.00,26,74,0.2600,0.7400,no,2026-02-18T19:05:16.119183Z,2026-02-18 02:05 PM ET,3352.2
4690faf8-ee09-42da-f75e-5582c64dcebf,KXWOMENTION-26FEB23-OVER,0.98,2826,2826.00,98,2,0.9800,0.0200,yes,2026-02-18T19:02:36.227977Z,2026-02-18 02:02 PM ET,2769.48
f9404119-4aae-59c9-64ac-e7bbf4106a16,KXKHAMENEIOUT-AKHA-26MAR01,0.08,3159,3159.00,8,92,0.0800,0.9200,no,2026-02-18T18:58:02.910583Z,2026-02-18 01:58 PM ET,2906.28
dd7396f2-41ae-5b20-4bb1-655089824212,KXKHAMENEIOUT-AKHA-26MAR01,0.08,4623,4623.00,8,92,0.0800,0.9200,no,2026-02-18T18:58:02.910583Z,2026-02-18 01:58 PM ET,4253.16
80b537aa-7000-451f-c3d3-088066079d89,KXGREENLAND-29-26MAY,0.04,20000,20000.00,4,96,0.0400,0.9600,no,2026-02-18T18:43:16.032179Z,2026-02-18 01:43 PM ET,19200.0
1f9b443f-c2f0-73a9-5889-22b161ad38c4,KXALIENS-27,0.17,10000,10000.00,17,83,0.1700,0.8300,no,2026-02-18T18:41:33.52988Z,2026-02-18T18:41:33.52988Z,8300.0
8d482af4-6707-4cf6-a5db-b89992174ecf,KXWOMENTION-26FEB23-GLAS,0.97,3333,3333.00,97,3,0.9700,0.0300,yes,2026-02-18T18:17:46.150077Z,2026-02-18 01:17 PM ET,3233.01
04fb5bc6-63eb-5f23-d43d-fdd5189e569e,KXWOMENTION-26FEB23-CAPT,0.98,9145,9145.00,98,2,0.9800,0.0200,yes,2026-02-18T18:17:24.579632Z,2026-02-18 01:17 PM ET,8962.1
01a0dc2a-b288-63d3-139b-ca1a563370de,KXPRESNOMR-28-STE,0.01,4000,4000.00,1,99,0.0100,0.9900,no,2026-02-18T18:17:21.684598Z,2026-02-18 01:17 PM ET,3960.0
2ead2d85-197f-7171-8885-adee80ca7b49,KXPRESNOMR-28-JH,0.01,8000,8000.00,1,99,0.0100,0.9900,no,2026-02-18T18:16:20.551713Z,2026-02-18 01:16 PM ET,7920.0
9c6401b7-2ea8-49de-6f2c-02020cdb14a6,KXTRUMPMENTION-26FEB28-SLEE,0.31,3176,3176.00,31,69,0.3100,0.6900,no,2026-02-18T18:09:31.103365Z,2026-02-18 01:09 PM ET,2191.44
ca1dc97f-ea92-4c35-57d6-7a477d6b9b47,KXWOMENTION-26FEB23-OVER,0.98,3737,3737.00,98,2,0.9800,0.0200,yes,2026-02-18T18:08:00.169064Z,2026-02-18 01:08 PM ET,3662.26
5fb0c971-efd4-6b01-ba3e-5f785602f6bd,KXWOMENTION-26FEB23-GLAS,0.96,5000,5000.00,96,4,0.9600,0.0400,yes,2026-02-18T18:03:40.440961Z,2026-02-18 01:03 PM ET,4800.0
7a04d919-7cfb-6eb0-8dfb-bab8398b4fa4,KXKHAMENEIOUT-AKHA-26MAR01,0.09,3539,3539.00,9,91,0.0900,0.9100,no,2026-02-18T18:03:38.593858Z,2026-02-18 01:03 PM ET,3220.49
d228e8c5-271e-52c4-8bc1-bec111f4b388,KXWOMENTION-26FEB23-FIRS,0.86,5000,5000.00,86,14,0.8600,0.1400,yes,2026-02-18T17:54:15.056579Z,2026-02-18 12:54 PM ET,4300.0
bfb7fae8-6c27-4e3e-955b-786b0b1a866a,KXWOMENTION-26FEB23-FIGH,0.84,5000,5000.00,84,16,0.8400,0.1600,yes,2026-02-18T17:54:11.347Z,2026-02-18 12:54 PM ET,4200.0
903dee48-292a-6977-81dc-806961f77c4f,KXKHAMENEIOUT-AKHA-26APR01,0.27,5000,5000.00,27,73,0.2700,0.7300,no,2026-02-18T17:49:54.687776Z,2026-02-18 12:49 PM ET,3650.0
0c941ad3-a1bd-6035-a3e8-f9f6959290b0,KXKHAMENEIOUT-AKHA-26APR01,0.27,5000,5000.00,27,73,0.2700,0.7300,no,2026-02-18T17:49:54.687776Z,2026-02-18 12:49 PM ET,3650.0
8eb997f2-ca97-5208-42ea-e0c6b3f722dd,KXWOMENTION-26FEB23-FIGH,0.84,4970,4970.00,84,16,0.8400,0.1600,yes,2026-02-18T17:49:11.89419Z,2026-02-18T17:49:11.89419Z,4174.8
05d89183-65be-41ef-503f-25917f80fde7,KXWOMENTION-26FEB23-GLAS,0.97,5000,5000.00,97,3,0.9700,0.0300,yes,2026-02-18T17:47:51.105359Z,2026-02-18 12:47 PM ET,4850.0
7c00393d-5d31-62c8-9a87-3850e67c7357,KXWOMENTION-26FEB23-FIRS,0.86,4506,4506.00,86,14,0.8600,0.1400,yes,2026-02-18T17:32:03.382817Z,2026-02-18 12:32 PM ET,3875.16
69c7b6dd-9b07-4f61-d086-7ef84a4806ba,KXWOMENTION-26FEB23-FIGH,0.86,3838,3838.00,86,14,0.8600,0.1400,yes,2026-02-18T17:26:55.529418Z,2026-02-18 12:26 PM ET,3300.68
3c94265f-5568-631b-3b4f-efba82d173c2,KXLEADERSOUT-27JAN01-AKHAIRA,0.59,3473,3473.00,59,41,0.5900,0.4100,yes,2026-02-18T17:17:54.742677Z,2026-02-18 12:17 PM ET,2049.07
a3cdc9b4-f967-5739-2830-03e2378b1937,KXWOMENTION-26FEB23-FIGH,0.79,3948,3948.00,79,21,0.7900,0.2100,yes,2026-02-18T17:15:15.874455Z,2026-02-18 12:15 PM ET,3118.92
9ae632d9-e527-48c8-09ee-67d44f0e3249,KXKHAMENEIOUT-AKHA-26APR01,0.27,9825,9825.00,27,73,0.2700,0.7300,yes,2026-02-18T17:14:50.338275Z,2026-02-18 12:14 PM ET,2652.75
4baf1b80-08cf-4555-2ac7-d3aa2c8f7bfc,KXKHAMENEIOUT-AKHA-26APR01,0.27,4837,4837.00,27,73,0.2700,0.7300,no,2026-02-18T17:08:17.952534Z,2026-02-18 12:08 PM ET,3531.01
8c6288ba-6254-461e-1b08-50901c5ce96e,KXFEDCHAIRNOM-29-JS,0.03,2785,2785.00,3,97,0.0300,0.9700,no,2026-02-18T16:26:40.880578Z,2026-02-18 11:26 AM ET,2701.45
2d071618-7684-7856-f804-9c0cf701e506,KXFEDCHAIRNOM-29-JS,0.03,15348,15348.00,3,97,0.0300,0.9700,no,2026-02-18T16:08:09.866791Z,2026-02-18 11:08 AM ET,14887.56
6db240c1-51d0-6088-c873-6027caeb0b37,KXKHAMENEIOUT-AKHA-26MAR01,0.08,5000,5000.00,8,92,0.0800,0.9200,no,2026-02-18T16:00:27.858568Z,2026-02-18 11:00 AM ET,4600.0
097802da-f2d2-6b7b-e4cb-68b73248cfc7,KXKHAMENEIOUT-AKHA-26MAR01,0.08,4433,4433.00,8,92,0.0800,0.9200,no,2026-02-18T16:00:27.858568Z,2026-02-18 11:00 AM ET,4078.36
3fab9593-b083-42ec-13eb-f5437c07e72c,KXKHAMENEIOUT-AKHA-26APR01,0.25,10000,10000.00,25,75,0.2500,0.7500,yes,2026-02-18T15:53:26.329983Z,2026-02-18 10:53 AM ET,2500.0
2d70e852-000a-6d1c-43d2-fd4fe53b04d3,KXWARSHNOM-26FEB20-T0,0.02,3870,3870.00,2,98,0.0200,0.9800,no,2026-02-18T15:52:42.574174Z,2026-02-18 10:52 AM ET,3792.6
8f5bcbf3-adc6-49da-401a-66d618bbad7d,KXJPNPM-26FEB08-STAK,0.99,5000,5000.00,99,1,0.9900,0.0100,yes,2026-02-18T15:27:31.79307Z,2026-02-18T15:27:31.79307Z,4950.0
03584d48-cf89-798a-acb6-9a788cb2a41b,KXSTARMERMENTIONB-26FEB19-TRUM,0.01,35111,35111.00,1,99,0.0100,0.9900,no,2026-02-18T15:21:41.782413Z,2026-02-18 10:21 AM ET,34759.89
9a6a2ecf-819d-626e-acc3-99b03accf22b,KXSTARMERMENTIONB-26FEB19-TRUM,0.01,10000,10000.00,1,99,0.0100,0.9900,no,2026-02-18T15:19:26.280319Z,2026-02-18 10:19 AM ET,9900.0
e17d91a8-df9e-4388-bee5-0e39aaa8a29a,KXFEDCHAIRNOM-29-KW,0.94,50000,50000.00,94,6,0.9400,0.0600,yes,2026-02-18T15:13:41.544596Z,2026-02-18 10:13 AM ET,47000.0
b71ea305-a6f9-44e1-98ca-48572d0f79eb,KXFEDCHAIRNOM-29-KW,0.94,10560,10560.00,94,6,0.9400,0.0600,yes,2026-02-18T15:13:41.544596Z,2026-02-18 10:13 AM ET,9926.4
7f4bc1ee-9c05-4241-b81b-0135c6fdc7c8,KXFEDCHAIRNOM-29-KW,0.94,5000,5000.00,94,6,0.9400,0.0600,yes,2026-02-18T15:13:41.544596Z,2026-02-18 10:13 AM ET,4700.0
6464064b-c745-4d40-8c5f-faa0f031a2f4,KXFEDCHAIRNOM-29-KW,0.94,10000,10000.00,94,6,0.9400,0.0600,yes,2026-02-18T15:13:41.544596Z,2026-02-18 10:13 AM ET,9400.0
44268745-2bf8-4fa4-9567-3f0a8afc9a2f,KXFEDCHAIRNOM-29-KW,0.94,183807,183807.00,94,6,0.9400,0.0600,yes,2026-02-18T15:13:41.544596Z,2026-02-18 10:13 AM ET,172778.58
f9e402f4-be90-4110-d64c-ad8ba9de1923,KXFEDCHAIRNOM-29-KW,0.94,10044,10044.00,94,6,0.9400,0.0600,yes,2026-02-18T15:12:59.619218Z,2026-02-18 10:12 AM ET,9441.36
8905e3d3-641c-5164-dd35-cbb58d85dfd3,KXFEDCHAIRNOM-29-KW,0.94,6000,6000.00,94,6,0.9400,0.0600,yes,2026-02-18T15:11:52.681288Z,2026-02-18 10:11 AM ET,5640.0
e639befa-aa5d-6d2f-2ddd-a094a0f8ea62,KXKHAMENEIOUT-AKHA-26APR01,0.19,4398,4398.00,19,81,0.1900,0.8100,no,2026-02-18T14:44:59.324559Z,2026-02-18 09:44 AM ET,3562.38
a21c32da-43d3-6d9b-0623-0d87c5f833ff,KXKHAMENEIOUT-AKHA-26APR01,0.19,10000,10000.00,19,81,0.1900,0.8100,no,2026-02-18T14:44:59.324559Z,2026-02-18 09:44 AM ET,8100.0
6eebaa1c-4f99-637f-3a60-8aea12df7067,KXKHAMENEIOUT-AKHA-26APR01,0.19,3333,3333.00,19,81,0.1900,0.8100,no,2026-02-18T14:44:59.324559Z,2026-02-18 09:44 AM ET,2699.73
eb983ea1-c86e-486d-5fd5-c2181d5f4a0e,KXFEDCHAIRNOM-29-JS,0.04,16511,16511.00,4,96,0.0400,0.9600,no,2026-02-18T14:44:10.203886Z,2026-02-18 09:44 AM ET,15850.56
d1b3964f-2efa-4dea-449c-823bf834ad4c,KXFEDCHAIRNOM-29-JS,0.04,6250,6250.00,4,96,0.0400,0.9600,no,2026-02-18T14:44:10.203886Z,2026-02-18 09:44 AM ET,6000.0
9a023313-b146-4c49-7649-88e5b31dcdee,KXFEDCHAIRNOM-29-JS,0.04,6250,6250.00,4,96,0.0400,0.9600,no,2026-02-18T14:44:10.203886Z,2026-02-18 09:44 AM ET,6000.0
e54fec83-0c56-5595-941b-84088907d682,KXFEDCHAIRNOM-29-JS,0.04,3489,3489.00,4,96,0.0400,0.9600,no,2026-02-18T14:44:08.83314Z,2026-02-18T14:44:08.83314Z,3349.44
b577af27-e829-566d-aef4-7f3a001f3d28,KXFEDCHAIRNOM-29-JS,0.04,50000,50000.00,4,96,0.0400,0.9600,no,2026-02-18T14:44:08.83314Z,2026-02-18T14:44:08.83314Z,48000.0
9b2adf6c-2283-519e-9a25-c51904bdd3d7,KXFEDCHAIRNOM-29-JS,0.04,330536,330536.00,4,96,0.0400,0.9600,no,2026-02-18T14:44:08.83314Z,2026-02-18T14:44:08.83314Z,317314.56
97b8229f-41b0-5e35-9146-0b6b5869e4ae,KXFEDCHAIRNOM-29-JS,0.04,5000,5000.00,4,96,0.0400,0.9600,no,2026-02-18T14:44:08.83314Z,2026-02-18T14:44:08.83314Z,4800.0
753f2cb4-0b79-537d-80ff-a9cb9295f48c,KXFEDCHAIRNOM-29-JS,0.04,100000,100000.00,4,96,0.0400,0.9600,no,2026-02-18T14:44:08.83314Z,2026-02-18T14:44:08.83314Z,96000.0
1ca80cf0-8a7b-5d7e-9f96-54ab3758fb02,KXFEDCHAIRNOM-29-JS,0.04,5000,5000.00,4,96,0.0400,0.9600,no,2026-02-18T14:44:08.83314Z,2026-02-18T14:44:08.83314Z,4800.0
148770f0-ed88-564b-88bb-0e10059f944f,KXFEDCHAIRNOM-29-JS,0.04,2500,2500.00,4,96,0.0400,0.9600,no,2026-02-18T14:44:08.83314Z,2026-02-18T14:44:08.83314Z,2400.0
80b7eed8-1edc-5eb6-efb8-54bf65eb787e,KXKHAMENEIOUT-AKHA-26MAR01,0.09,27273,27273.00,9,91,0.0900,0.9100,yes,2026-02-18T14:43:39.967578Z,2026-02-18 09:43 AM ET,2454.57
ed3ca274-85ef-7abe-7e95-5542908c0f5b,KXSTARMERMENTIONB-26FEB19-NATO,0.01,3970,3970.00,1,99,0.0100,0.9900,no,2026-02-18T14:31:39.869941Z,2026-02-18 09:31 AM ET,3930.3
e741ef0b-fd1f-78a8-a3b2-c529abc7fb9a,KXGOVCA-26-ESWA,0.6,5000,5000.00,60,40,0.6000,0.4000,yes,2026-02-18T14:30:09.135866Z,2026-02-18 09:30 AM ET,3000.0
237a72b1-5d6f-7f5c-d546-dfa04fd74587,KXSTARMERMENTIONB-26FEB19-HEAL,0.01,4675,4675.00,1,99,0.0100,0.9900,no,2026-02-18T14:26:13.27809Z,2026-02-18T14:26:13.27809Z,4628.25
d9f255ec-0f5c-4a69-9523-8d7932d0f841,KXSAVEACT-27-JAN04,0.15,3822,3822.00,15,85,0.1500,0.8500,no,2026-02-18T14:19:51.192481Z,2026-02-18 09:19 AM ET,3248.7
820e643d-d2ac-5eaa-8d9c-a1e29d926bfa,KXKHAMENEIOUT-AKHA-26MAR01,0.09,25502,25502.00,9,91,0.0900,0.9100,yes,2026-02-18T14:19:07.230151Z,2026-02-18 09:19 AM ET,2295.18
ced598a3-495c-462e-c6f1-0e0b415703df,KXSTARMERMENTIONB-26FEB19-ELEC,0.01,27013,27013.00,1,99,0.0100,0.9900,no,2026-02-18T14:14:52.09932Z,2026-02-18T14:14:52.09932Z,26742.87
1c8e496e-7de1-480d-d662-63615a918917,KXSTARMERMENTIONB-26FEB19-ELEC,0.01,5000,5000.00,1,99,0.0100,0.9900,no,2026-02-18T14:14:52.09932Z,2026-02-18T14:14:52.09932Z,4950.0
5e932ba6-5abc-4f89-2a8b-ee4d39bcac67,KXSTARMERMENTIONB-26FEB19-NHS,0.01,5000,5000.00,1,99,0.0100,0.9900,no,2026-02-18T14:14:33.84327Z,2026-02-18T14:14:33.84327Z,4950.0
273f71dc-b541-4d05-1e68-ca5c35d6bb35,KXSTARMERMENTIONB-26FEB19-NHS,0.01,19995,19995.00,1,99,0.0100,0.9900,no,2026-02-18T14:14:33.84327Z,2026-02-18T14:14:33.84327Z,19795.05
70e7f73c-2f83-50fa-e54a-70dc78043bdb,KXSTARMERMENTIONB-26FEB19-NATO,0.01,2805,2805.00,1,99,0.0100,0.9900,no,2026-02-18T14:07:07.919284Z,2026-02-18 09:07 AM ET,2776.95
4468d766-5f9d-6be1-474f-ae8805dcc7dd,KXSTARMERMENTIONB-26FEB19-NHS,0.01,9351,9351.00,1,99,0.0100,0.9900,no,2026-02-18T14:04:38.736433Z,2026-02-18 09:04 AM ET,9257.49
494954bd-477f-7866-20b2-703d0905f8eb,KXSTARMERMENTIONB-26FEB19-NATO,0.01,4675,4675.00,1,99,0.0100,0.9900,no,2026-02-18T14:02:47.511937Z,2026-02-18 09:02 AM ET,4628.25
59ce499c-81f8-53be-c6bd-7e7ebc18ab5f,KXSENATEMED-26-GRA,0.66,11707,11707.00,66,34,0.6600,0.3400,yes,2026-02-18T13:01:52.948192Z,2026-02-18 08:01 AM ET,7726.62
6b27f04e-f2e0-46eb-1423-714001030879,KXGOVTSHUTLENGTH-26FEB07-G15,0.87,2918,2918.00,87,13,0.8700,0.1300,yes,2026-02-18T12:39:41.984111Z,2026-02-18 07:39 AM ET,2538.66
3eeafb6f-a9a3-4c6e-3c2f-fa42b4f7c81e,KXKHAMENEIOUT-AKHA-26APR01,0.2,11000,11000.00,20,80,0.2000,0.8000,yes,2026-02-18T12:33:22.756917Z,2026-02-18 07:33 AM ET,2200.0
92086b79-49b0-5b74-ce7b-88e58193b32f,KXDHSFUND-26MAR01,0.16,5046,5046.00,16,84,0.1600,0.8400,no,2026-02-18T12:31:42.450435Z,2026-02-18 07:31 AM ET,4238.64
5ff3c116-aae7-421a-1ced-7c9448f2ea5b,KXFEDCHAIRNOM-29-JS,0.04,19213,19213.00,4,96,0.0400,0.9600,no,2026-02-18T12:22:10.612847Z,2026-02-18 07:22 AM ET,18444.48
4299d6ca-479c-468d-19e2-c77d40b9ce4f,KXFEDCHAIRNOM-29-JS,0.04,24769,24769.00,4,96,0.0400,0.9600,no,2026-02-18T12:22:10.612847Z,2026-02-18 07:22 AM ET,23778.24
8b08326d-8d62-7f31-208c-c49450b64e14,KXFEDCHAIRNOM-29-KW,0.94,2660,2660.00,94,6,0.9400,0.0600,yes,2026-02-18T11:04:00.734161Z,2026-02-18 06:04 AM ET,2500.4
7709970a-ee2a-7153-b770-90939b22db48,KXFEDCHAIRNOM-29-JS,0.05,90878,90878.00,5,95,0.0500,0.9500,yes,2026-02-18T10:34:27.531559Z,2026-02-18 05:34 AM ET,4543.9
35676d52-a740-6381-e06c-8944d0304d7b,KXFEDCHAIRNOM-29-JS,0.04,9675,9675.00,4,96,0.0400,0.9600,no,2026-02-18T08:40:39.697575Z,2026-02-18 03:40 AM ET,9288.0
8ac71032-7831-5ea1-277e-1e948520d14a,KXTRUMPMENTION-26MAR02-BESS,0.47,4496,4496.00,47,53,0.4700,0.5300,yes,2026-02-18T07:46:31.195471Z,2026-02-18 02:46 AM ET,2113.12
003b27a2-7ea0-594b-ffc6-55480a6ee599,KXDJTVOSTARIFFS,0.27,3516,3516.00,27,73,0.2700,0.7300,no,2026-02-18T07:21:09.667904Z,2026-02-18 02:21 AM ET,2566.68
ea149428-1766-75e5-653c-68c634e88350,KXFEDCHAIRNOM-29-KW,0.94,12000,12000.00,94,6,0.9400,0.0600,yes,2026-02-18T06:56:30.119766Z,2026-02-18 01:56 AM ET,11280.0
0d3cf2d9-8dec-7daa-f3b0-7b6eeccc732b,KXALIENS-27,0.16,9302,9302.00,16,84,0.1600,0.8400,no,2026-02-18T06:21:15.844697Z,2026-02-18 01:21 AM ET,7813.68
39b123f9-0d7c-6171-c1d1-e5e0d75090fe,KXGREENLAND-29-26MAY,0.04,2849,2849.00,4,96,0.0400,0.9600,no,2026-02-18T05:46:55.584422Z,2026-02-18 12:46 AM ET,2735.04
c6d93fb2-322f-75c3-8a8a-24ccb914377c,KXGOVTSHUTLENGTH-26FEB07-G35,0.35,10000,10000.00,35,65,0.3500,0.6500,no,2026-02-18T05:41:50.174268Z,2026-02-18 12:41 AM ET,6500.0
c065fff1-ba75-5d20-8ab9-2b665c47df40,CONTROLH-2026-D,0.78,12626,12626.00,78,22,0.7800,0.2200,yes,2026-02-18T05:38:45.292157Z,2026-02-18 12:38 AM ET,9848.28
4d41ec53-283c-545d-6114-16cde126fcb7,KXFEDCHAIRNOM-29-JS,0.04,10000,10000.00,4,96,0.0400,0.9600,no,2026-02-18T05:30:22.018152Z,2026-02-18 12:30 AM ET,9600.0
21a78d9b-0543-78df-26b6-2ba662e528d6,KXLEADERSOUT-27JAN01-XJINCHI,0.09,4613,4613.00,9,91,0.0900,0.9100,no,2026-02-18T05:09:45.049438Z,2026-02-18 12:09 AM ET,4197.83
b73b922a-79fc-600b-73e7-7dbf6e8c7155,KXTRUMPMENTION-26FEB28-EIGH,0.64,4720,4720.00,64,36,0.6400,0.3600,yes,2026-02-18T05:01:51.090392Z,2026-02-18 12:01 AM ET,3020.8
8fb8e107-3cbc-43ad-5106-0a6b1a38992b,KXFEDCHAIRNOM-29-JS,0.04,2637,2637.00,4,96,0.0400,0.9600,no,2026-02-18T04:56:19.621563Z,2026-02-17 11:56 PM ET,2531.52
89631d5d-ab5e-4b13-520b-23dc2bee0237,KXDHSFUND-26MAR10,0.5,4751,4751.00,50,50,0.5000,0.5000,no,2026-02-18T04:27:55.010193Z,2026-02-17 11:27 PM ET,2375.5
f73c4228-668b-7893-44bb-ad38a800424c,KXFEDCHAIRNOM-29-KW,0.93,141756,141756.00,93,7,0.9300,0.0700,no,2026-02-18T03:41:24.078199Z,2026-02-17 10:41 PM ET,9922.92
b3201396-7dc7-704a-6edf-f33168f0110e,KXFEDCHAIRNOM-29-KW,0.93,200000,200000.00,93,7,0.9300,0.0700,no,2026-02-18T03:41:24.078199Z,2026-02-17 10:41 PM ET,14000.0
87317bf3-bae3-746a-67b6-9eacacc5533b,KXFEDCHAIRNOM-29-KW,0.93,200000,200000.00,93,7,0.9300,0.0700,no,2026-02-18T03:41:24.078199Z,2026-02-17 10:41 PM ET,14000.0
20d15d07-0a24-5d72-b74e-1adec9c76ce3,KXFEDCHAIRNOM-29-KW,0.94,5202,5202.00,94,6,0.9400,0.0600,yes,2026-02-18T03:23:21.722236Z,2026-02-17 10:23 PM ET,4889.88
c9439dcf-818c-5136-19e2-c269294306b3,KXFEDCHAIRNOM-29-KW,0.94,62751,62751.00,94,6,0.9400,0.0600,yes,2026-02-18T03:23:11.740942Z,2026-02-17 10:23 PM ET,58985.94
08154a15-c5b5-553f-2c5a-da06bc6e01dc,KXFEDCHAIRNOM-29-KW,0.94,12054,12054.00,94,6,0.9400,0.0600,yes,2026-02-18T03:23:11.740942Z,2026-02-17 10:23 PM ET,11330.76
6fbaf262-db7b-4e25-7670-55d13b76d040,KXFEDCHAIRNOM-29-JS,0.05,52508,52508.00,5,95,0.0500,0.9500,yes,2026-02-18T03:20:47.242579Z,2026-02-17 10:20 PM ET,2625.4
51bba9e8-fc68-5460-4601-16d2482332be,KXSENATETXD-26-JTAL,0.76,3062,3062.00,76,24,0.7600,0.2400,yes,2026-02-18T03:12:20.653074Z,2026-02-17 10:12 PM ET,2327.12
7f1e3bc0-af86-4788-36a8-2a173d4d6bee,KXTRUMPMENTION-26FEB28-CRYP,0.27,4211,4211.00,27,73,0.2700,0.7300,no,2026-02-18T02:42:52.210049Z,2026-02-17 09:42 PM ET,3074.03
2d396641-3c13-7c21-6b24-7da595aeff1c,KXFEDCHAIRNOM-29-JS,0.05,40887,40887.00,5,95,0.0500,0.9500,yes,2026-02-18T01:38:57.245252Z,2026-02-17 08:38 PM ET,2044.35
81eaf633-9fa4-7e4e-4727-5403c509098e,KXFEDCHAIRNOM-29-JS,0.04,8429,8429.00,4,96,0.0400,0.9600,no,2026-02-18T01:17:18.469238Z,2026-02-17 08:17 PM ET,8091.84
678a1769-8789-65df-3b56-3d8857ab63f0,KXFEDCHAIRNOM-29-KW,0.94,12382,12382.00,94,6,0.9400,0.0600,yes,2026-02-18T01:17:10.148005Z,2026-02-17 08:17 PM ET,11639.08
99c2f290-cdac-4d62-f91f-cd5dbf8ea862,KXFEDCHAIRNOM-29-JS,0.04,5856,5856.00,4,96,0.0400,0.9600,no,2026-02-18T01:11:45.096691Z,2026-02-17 08:11 PM ET,5621.76
b97e3b3c-f80b-7f7b-91f3-a19dbfddb842,KXKHAMENEIOUT-AKHA-26MAR01,0.04,8746,8746.00,4,96,0.0400,0.9600,no,2026-02-18T01:01:46.1476Z,2026-02-18T01:01:46.1476Z,8396.16
e6ebc546-08ef-45cc-27a9-963812e4bd1c,KXDJTVOSTARIFFS,0.27,5000,5000.00,27,73,0.2700,0.7300,no,2026-02-18T00:59:19.549386Z,2026-02-17 07:59 PM ET,3650.0
c64e75a5-fd50-7442-48e3-8a5ac88bf3d2,KXFEDCHAIRNOM-29-JS,0.04,21381,21381.00,4,96,0.0400,0.9600,no,2026-02-18T00:49:11.236758Z,2026-02-17 07:49 PM ET,20525.76
b6ee96e5-a32f-639f-c49f-ebd7d4a28aa3,KXTRUMPMENTION-26FEB28-CRYP,0.27,4191,4191.00,27,73,0.2700,0.7300,no,2026-02-18T00:15:50.647386Z,2026-02-17 07:15 PM ET,3059.43
6982623f-13df-4ae9-22d2-815cb56b1428,KXFEDCHAIRNOM-29-JS,0.05,41256,41256.00,5,95,0.0500,0.9500,yes,2026-02-17T23:38:21.557428Z,2026-02-17 06:38 PM ET,2062.8
24018d9e-d451-7587-0e21-f0defc57f8a0,KXFEDCHAIRNOM-29-KW,0.94,5296,5296.00,94,6,0.9400,0.0600,yes,2026-02-17T23:17:01.564205Z,2026-02-17 06:17 PM ET,4978.24
5ed6caf8-96de-7bee-2fa0-fde62a4eef52,KXWOMENTION-26FEB18C-OVER,0.23,7500,7500.00,23,77,0.2300,0.7700,no,2026-02-17T23:15:31.683465Z,2026-02-17 06:15 PM ET,5775.0
51e23d33-6f08-7173-31de-ed37f09f5f51,KXWOMENTION-26FEB18C-OVER,0.23,5000,5000.00,23,77,0.2300,0.7700,no,2026-02-17T23:15:31.683465Z,2026-02-17 06:15 PM ET,3850.0
1a56ec8d-31ac-4c15-c493-022b1f6b05c9,KXWOMENTION-26FEB18C-OVER,0.26,9982,9982.00,26,74,0.2600,0.7400,no,2026-02-17T23:13:32.350607Z,2026-02-17 06:13 PM ET,7386.68
debe456d-efc0-5b62-8563-abb07947bd53,KXWOMENTION-26FEB18C-OVER,0.22,3456,3456.00,22,78,0.2200,0.7800,no,2026-02-17T23:11:41.601619Z,2026-02-17 06:11 PM ET,2695.68
ba3a1dac-5b6b-51f7-b2c7-0cac99fd890c,KXWOMENTION-26FEB18C-OVER,0.22,4000,4000.00,22,78,0.2200,0.7800,no,2026-02-17T23:10:47.714835Z,2026-02-17 06:10 PM ET,3120.0
e7b3e3a1-3b54-6e7d-1bd9-6690119e548d,KXWOMENTION-26FEB18C-OVER,0.24,5000,5000.00,24,76,0.2400,0.7600,no,2026-02-17T23:09:37.09911Z,2026-02-17T23:09:37.09911Z,3800.0
17dcdf0d-c531-589b-b9b3-13713d604398,KXFEDCHAIRNOM-29-KW,0.94,10000,10000.00,94,6,0.9400,0.0600,yes,2026-02-17T23:00:46.260143Z,2026-02-17 06:00 PM ET,9400.0
bf2f1296-2f8b-642a-dae1-5ccfa8ae3506,KXTRUMPMENTION-26FEB28-OLYM,0.59,5390,5390.00,59,41,0.5900,0.4100,no,2026-02-17T22:57:27.660667Z,2026-02-17 05:57 PM ET,2209.9
624d9461-281c-7f8b-9c9d-812caa534764,KXWOMENTION-26FEB18C-OVER,0.24,4549,4549.00,24,76,0.2400,0.7600,no,2026-02-17T22:56:10.59731Z,2026-02-17T22:56:10.59731Z,3457.24
036896a8-04c3-5c94-7c12-98b1d32a37fd,KXWOMENTION-26FEB18C-OVER,0.24,4331,4331.00,24,76,0.2400,0.7600,no,2026-02-17T22:55:46.527222Z,2026-02-17 05:55 PM ET,3291.56
37f1f3b8-494b-6c3f-a54b-aaa14bec3e3f,KXWOMENTION-26FEB18C-OVER,0.26,4561,4561.00,26,74,0.2600,0.7400,no,2026-02-17T22:55:20.218156Z,2026-02-17 05:55 PM ET,3375.14
3385284a-c0b0-503d-dc24-5a62c6607891,KXWOMENTION-26FEB18C-OVER,0.26,3156,3156.00,26,74,0.2600,0.7400,no,2026-02-17T22:52:36.884581Z,2026-02-17 05:52 PM ET,2335.44
baf7de4a-6941-75fc-44b3-b36726652e17,KXWOMENTION-26FEB18C-OVER,0.38,3346,3346.00,38,62,0.3800,0.6200,no,2026-02-17T22:51:51.591394Z,2026-02-17 05:51 PM ET,2074.52
53ac0a33-3f28-6d2a-b4c8-b1d118893bfc,KXWOMENTION-26FEB18C-OVER,0.43,4828,4828.00,43,57,0.4300,0.5700,no,2026-02-17T22:51:22.551385Z,2026-02-17 05:51 PM ET,2751.96
a5a4d11b-9fb1-5a77-5b72-e7d96f27517f,KXGOVCA-26-ESWA,0.51,5450,5450.00,51,49,0.5100,0.4900,yes,2026-02-17T22:46:36.274331Z,2026-02-17 05:46 PM ET,2779.5
3797b5e4-2908-4777-7e29-960f7da2789d,KXWOMENTION-26FEB18C-OVER,0.45,5000,5000.00,45,55,0.4500,0.5500,yes,2026-02-17T22:46:27.122909Z,2026-02-17 05:46 PM ET,2250.0
54d9e942-4538-78e7-3eba-8ce8e4167a92,KXTRUMPSTATES-27JAN01-GA,0.99,5000,5000.00,99,1,0.9900,0.0100,yes,2026-02-17T22:29:13.901083Z,2026-02-17 05:29 PM ET,4950.0
072c75dc-c27c-5b1a-56c2-710db1158cc2,KXFEDCHAIRNOM-29-JS,0.04,2342,2342.00,4,96,0.0400,0.9600,no,2026-02-17T22:20:57.629771Z,2026-02-17 05:20 PM ET,2248.32
9030c8e1-9e8c-6f8a-0d60-de9de4fac6a3,KXSENATEMED-26-GRA,0.66,4140,4140.00,66,34,0.6600,0.3400,yes,2026-02-17T21:57:41.024088Z,2026-02-17 04:57 PM ET,2732.4
e669b8aa-24b3-5a89-dcca-eba2f98d4b85,KXWARSHNOM-26FEB20-T0,0.02,7624,7624.00,2,98,0.0200,0.9800,no,2026-02-17T21:38:06.035783Z,2026-02-17 04:38 PM ET,7471.52
109491a4-21d9-7158-121b-4755f462335c,CONTROLH-2026-D,0.78,12626,12626.00,78,22,0.7800,0.2200,yes,2026-02-17T21:37:26.807866Z,2026-02-17 04:37 PM ET,9848.28
b613b33d-bae5-6f5c-10db-bd9b862a4a5c,CONTROLH-2026-D,0.78,3000,3000.00,78,22,0.7800,0.2200,yes,2026-02-17T21:23:14.148641Z,2026-02-17 04:23 PM ET,2340.0
67b7faf6-8bf5-6444-bd9c-8bf6fc69a568,CONTROLH-2026-D,0.78,3156,3156.00,78,22,0.7800,0.2200,yes,2026-02-17T21:04:45.659896Z,2026-02-17 04:04 PM ET,2461.68
b7084d61-8634-532e-d967-1f7baa7e56be,KXFEDCHAIRNOM-29-JS,0.04,4675,4675.00,4,96,0.0400,0.9600,no,2026-02-17T21:03:13.112206Z,2026-02-17 04:03 PM ET,4488.0
f1d85f7e-01ec-526c-db98-37776bcf4054,KXKHAMENEIOUT-AKHA-26MAR01,0.04,20000,20000.00,4,96,0.0400,0.9600,no,2026-02-17T21:01:05.415651Z,2026-02-17 04:01 PM ET,19200.0
e0d39366-e55e-5418-fc61-71380d61b381,KXKHAMENEIOUT-AKHA-26MAR01,0.04,10000,10000.00,4,96,0.0400,0.9600,no,2026-02-17T21:01:05.415651Z,2026-02-17 04:01 PM ET,9600.0
ad84edb6-ed1e-584b-e88e-b53344247a4b,KXKHAMENEIOUT-AKHA-26MAR01,0.03,10000,10000.00,3,97,0.0300,0.9700,no,2026-02-17T21:01:05.415651Z,2026-02-17 04:01 PM ET,9700.0
a1b15dd0-b44b-5fcb-df79-388e540cbe4f,KXKHAMENEIOUT-AKHA-26MAR01,0.04,20000,20000.00,4,96,0.0400,0.9600,no,2026-02-17T21:01:05.415651Z,2026-02-17 04:01 PM ET,19200.0
94c631a3-6bb6-5c89-f356-4ed251dfca4b,KXKHAMENEIOUT-AKHA-26MAR01,0.04,5519,5519.00,4,96,0.0400,0.9600,no,2026-02-17T21:01:05.415651Z,2026-02-17 04:01 PM ET,5298.24
937b6415-5b33-52f2-fcea-7bfc0b54e518,KXKHAMENEIOUT-AKHA-26MAR01,0.03,34217,34217.00,3,97,0.0300,0.9700,no,2026-02-17T21:01:05.415651Z,2026-02-17 04:01 PM ET,33190.49
931c27f2-b3e3-5238-f0ed-64e77e27d7c7,KXKHAMENEIOUT-AKHA-26MAR01,0.04,20000,20000.00,4,96,0.0400,0.9600,no,2026-02-17T21:01:05.415651Z,2026-02-17 04:01 PM ET,19200.0
71a14485-62c3-572a-fc01-a470209186e9,KXKHAMENEIOUT-AKHA-26MAR01,0.04,20000,20000.00,4,96,0.0400,0.9600,no,2026-02-17T21:01:05.415651Z,2026-02-17 04:01 PM ET,19200.0
4d975ddc-cabc-56d8-fb32-cd0cd00e58e7,KXKHAMENEIOUT-AKHA-26MAR01,0.04,11111,11111.00,4,96,0.0400,0.9600,no,2026-02-17T21:01:05.415651Z,2026-02-17 04:01 PM ET,10666.56
e5cfcfdc-2335-5f59-139a-9488a9ec8515,KXWARSHNOM-26FEB20-T0,0.04,5000,5000.00,4,96,0.0400,0.9600,no,2026-02-17T20:58:15.229927Z,2026-02-17 03:58 PM ET,4800.0
107c8425-1a88-7b76-9ea1-65476eb4bf7e,KXFEDCHAIRNOM-29-JS,0.04,15945,15945.00,4,96,0.0400,0.9600,no,2026-02-17T20:46:08.088841Z,2026-02-17 03:46 PM ET,15307.2
98be29bc-2644-442d-7165-c70ea5b61de8,KXVANCEMENTION-26FEB18-OLYM,0.99,6115,6115.00,99,1,0.9900,0.0100,yes,2026-02-17T20:40:18.052785Z,2026-02-17 03:40 PM ET,6053.85
53a43446-6224-7739-b26c-c32e01f5546c,KXVANCEMENTION-26FEB18-OLYM,0.99,3885,3885.00,99,1,0.9900,0.0100,yes,2026-02-17T20:40:17.680767Z,2026-02-17 03:40 PM ET,3846.15
267b2bb6-79a2-665e-39ad-52d8f49ed6ef,KXFEDCHAIRNOM-29-RREI,0.01,200000,200000.00,1,99,0.0100,0.9900,yes,2026-02-17T20:10:08.713769Z,2026-02-17 03:10 PM ET,2000.0
c10d1bce-6f8b-503e-f0c3-f04b18411b5e,KXFEDCHAIRNOM-29-KW,0.95,4195,4195.00,95,5,0.9500,0.0500,yes,2026-02-17T20:09:51.357487Z,2026-02-17 03:09 PM ET,3985.25
c88d1efc-b7cb-5f53-fed5-7b25eb9b60c4,KXFEDCHAIRNOM-29-KW,0.94,58244,58244.00,94,6,0.9400,0.0600,no,2026-02-17T20:04:00.459015Z,2026-02-17 03:04 PM ET,3494.64
21c284b4-84c8-5234-e7ea-27a3e5af7837,KXFEDCHAIRNOM-29-KW,0.94,250000,250000.00,94,6,0.9400,0.0600,no,2026-02-17T20:04:00.459015Z,2026-02-17 03:04 PM ET,15000.0
8a20372a-abbd-4da4-faf8-6a0f2c816907,KXKHAMENEIOUT-AKHA-26APR01,0.15,10000,10000.00,15,85,0.1500,0.8500,no,2026-02-17T20:02:36.156773Z,2026-02-17 03:02 PM ET,8500.0
617e45a5-ac39-49ca-e0c7-422655f7a8cc,KXKHAMENEIOUT-AKHA-26APR01,0.15,4433,4433.00,15,85,0.1500,0.8500,no,2026-02-17T20:02:36.156773Z,2026-02-17 03:02 PM ET,3768.05
966dfe13-7862-7311-cb03-6fe228d013c7,KXKHAMENEIOUT-AKHA-26MAR01,0.04,3262,3262.00,4,96,0.0400,0.9600,no,2026-02-17T20:01:52.808057Z,2026-02-17 03:01 PM ET,3131.52
7a4c91c9-825c-41f6-09b2-9a173f3449cb,KXDHSFUND-26MAR01,0.21,4292,4292.00,21,79,0.2100,0.7900,no,2026-02-17T20:01:15.364865Z,2026-02-17 03:01 PM ET,3390.68
866e7c6c-b773-76c5-8a54-6d4df980a250,KXDHSFUND-26FEB23,0.01,4985,4985.00,1,99,0.0100,0.9900,no,2026-02-17T20:00:52.358158Z,2026-02-17 03:00 PM ET,4935.15
3c320e83-9029-6887-45fb-b0246e41b563,KXSENATEMED-26-JM,0.34,54757,54757.00,34,66,0.3400,0.6600,no,2026-02-17T19:56:59.681Z,2026-02-17 02:56 PM ET,36139.62
0f62ff11-44b4-61a2-1750-9eacb629a8a6,KXFEDCHAIRNOM-29-JS,0.04,4000,4000.00,4,96,0.0400,0.9600,no,2026-02-17T19:51:44.122828Z,2026-02-17 02:51 PM ET,3840.0
9ec2a1fe-08b9-5770-2ffc-fd32a61c1208,CONTROLH-2026-D,0.78,4419,4419.00,78,22,0.7800,0.2200,yes,2026-02-17T19:36:51.977611Z,2026-02-17 02:36 PM ET,3446.82
28a14b0e-9440-6fef-b5ca-bbaeadf12ace,KXMAMDANIMENTION-26MAR04-ECON,0.01,3743,3743.00,1,99,0.0100,0.9900,no,2026-02-17T19:24:28.392589Z,2026-02-17 02:24 PM ET,3705.57
e5f4093e-e411-41b9-497b-f3f5ceeaaf78,KXSENATETXD-26-JTAL,0.72,3000,3000.00,72,28,0.7200,0.2800,yes,2026-02-17T19:20:22.751884Z,2026-02-17 02:20 PM ET,2160.0
2c9d96cc-9a48-7d62-144e-3cca87586cae,KXFEDCHAIRNOM-29-JS,0.04,3513,3513.00,4,96,0.0400,0.9600,no,2026-02-17T19:08:53.082732Z,2026-02-17 02:08 PM ET,3372.48
4b163d78-daac-7822-c095-e233146ea4da,KXFEDCHAIRNOM-29-JS,0.04,2914,2914.00,4,96,0.0400,0.9600,no,2026-02-17T19:04:11.550447Z,2026-02-17 02:04 PM ET,2797.44
0188b2ff-2800-423b-2307-84d5a6007caa,KXMAMDANIMENTION-26MAR04-AFFO,0.99,2299,2299.00,99,1,0.9900,0.0100,yes,2026-02-17T19:03:44.534085Z,2026-02-17 02:03 PM ET,2276.01
8d306744-d446-4fef-bc6b-04ebc7880274,KXKHAMENEIOUT-AKHA-26MAR01,0.05,4723,4723.00,5,95,0.0500,0.9500,no,2026-02-17T18:53:13.875685Z,2026-02-17 01:53 PM ET,4486.85
05badd46-b1a0-689a-1c24-7ddd78f686a6,KXFEDCHAIRNOM-29-JS,0.04,20044,20044.00,4,96,0.0400,0.9600,no,2026-02-17T18:49:14.634226Z,2026-02-17 01:49 PM ET,19242.24
3e1b89df-941c-6125-2297-6c62d31c84b8,KXSENATETXD-26-JCRO,0.28,3000,3000.00,28,72,0.2800,0.7200,no,2026-02-17T18:17:29.609945Z,2026-02-17 01:17 PM ET,2160.0
e8b248d9-e7af-7306-d93e-dfb06aeb5166,KXFEDCHAIRNOM-29-KW,0.95,5958,5958.00,95,5,0.9500,0.0500,yes,2026-02-17T17:54:23.382672Z,2026-02-17 12:54 PM ET,5660.1
51c9d522-4e49-439c-a2db-ce7aeca8a2f6,KXGREENLAND-29-27,0.14,2500,2500.00,14,86,0.1400,0.8600,no,2026-02-17T17:12:59.201633Z,2026-02-17 12:12 PM ET,2150.0
0bce8a50-ea24-722e-8b46-c368ccc1c85a,KXFEDCHAIRNOM-29-JS,0.04,31213,31213.00,4,96,0.0400,0.9600,no,2026-02-17T17:01:16.296289Z,2026-02-17 12:01 PM ET,29964.48
d8e630ed-95d2-46f5-11fc-52f4a4f7a70b,KXKHAMENEIOUT-AKHA-26MAR01,0.04,5000,5000.00,4,96,0.0400,0.9600,no,2026-02-17T16:35:25.872716Z,2026-02-17 11:35 AM ET,4800.0
7253fdf1-cc08-79e2-aaff-be1a0672ed4a,KXFEDCHAIRNOM-29-JS,0.04,7599,7599.00,4,96,0.0400,0.9600,no,2026-02-17T16:30:37.092327Z,2026-02-17 11:30 AM ET,7295.04
3bf7c95b-3e09-7d2c-9194-ed457868662b,KXFEDCHAIRNOM-29-JS,0.04,9379,9379.00,4,96,0.0400,0.9600,no,2026-02-17T16:30:37.092327Z,2026-02-17 11:30 AM ET,9003.84
30a6083c-3b1e-7fad-baa1-cbb404140fe3,KXFEDCHAIRNOM-29-JS,0.04,22222,22222.00,4,96,0.0400,0.9600,no,2026-02-17T16:30:37.092327Z,2026-02-17 11:30 AM ET,21333.12
9cee881e-7d85-4ecc-b001-bff75e9866a7,KXFEDCHAIRNOM-29-JS,0.04,11000,11000.00,4,96,0.0400,0.9600,no,2026-02-17T15:53:17.330748Z,2026-02-17 10:53 AM ET,10560.0
f5837018-ba3f-4cb5-bfe6-3e4a2531e83d,KXKHAMENEIOUT-AKHA-26MAR01,0.04,7428,7428.00,4,96,0.0400,0.9600,no,2026-02-17T15:25:46.312709Z,2026-02-17 10:25 AM ET,7130.88
affbbb4a-ee5e-4389-8b7d-f3a5d877e02b,KXKHAMENEIOUT-AKHA-26MAR01,0.04,3943,3943.00,4,96,0.0400,0.9600,no,2026-02-17T15:25:46.312709Z,2026-02-17 10:25 AM ET,3785.28
683d1df0-d888-4625-b61b-7bd2e249be7a,KXKHAMENEIOUT-AKHA-26MAR01,0.04,11111,11111.00,4,96,0.0400,0.9600,no,2026-02-17T15:25:46.312709Z,2026-02-17 10:25 AM ET,10666.56
90de7111-2d5c-404d-8270-823a349338eb,KXPRESNOMD-28-SAS,0.01,11229,11229.00,1,99,0.0100,0.9900,no,2026-02-17T15:15:21.481501Z,2026-02-17 10:15 AM ET,11116.71
491ad8c0-5b40-6acd-761e-146b3c380358,KXSENATETXD-26-JCRO,0.34,4691,4691.00,34,66,0.3400,0.6600,no,2026-02-17T15:08:11.436362Z,2026-02-17 10:08 AM ET,3096.06
efce9292-a62b-5f09-3de3-4e22f6e79618,KXFEDCHAIRNOM-29-JS,0.05,600093,600093.00,5,95,0.0500,0.9500,yes,2026-02-17T15:00:48.040009Z,2026-02-17 10:00 AM ET,30004.65
f10a6484-2461-6abf-c1b4-c86a9456d47d,KXFEDCHAIRNOM-29-KW,0.94,35000,35000.00,94,6,0.9400,0.0600,no,2026-02-17T14:59:06.14903Z,2026-02-17T14:59:06.14903Z,2100.0
c47dbd96-e700-66d8-c5e6-10b70dc67dbd,KXFEDCHAIRNOM-29-KW,0.94,40985,40985.00,94,6,0.9400,0.0600,no,2026-02-17T14:59:06.14903Z,2026-02-17T14:59:06.14903Z,2459.1
71f7f8f0-b083-67fa-e4ea-eb0112ee1c97,KXFEDCHAIRNOM-29-KW,0.94,250000,250000.00,94,6,0.9400,0.0600,no,2026-02-17T14:59:06.14903Z,2026-02-17T14:59:06.14903Z,15000.0
60c7f79f-07cf-621f-f740-9b5827b12168,KXFEDCHAIRNOM-29-KW,0.94,250000,250000.00,94,6,0.9400,0.0600,no,2026-02-17T14:59:06.14903Z,2026-02-17T14:59:06.14903Z,15000.0
12bad735-8b23-666b-ffc0-3f7484f1fc60,KXFEDCHAIRNOM-29-KW,0.94,100000,100000.00,94,6,0.9400,0.0600,no,2026-02-17T14:59:06.14903Z,2026-02-17T14:59:06.14903Z,6000.0
adb4332e-eecd-5a07-1e3e-5b8e17c73153,KXLEADERSOUT-27JAN01-JJERPERU,0.94,2419,2419.00,94,6,0.9400,0.0600,yes,2026-02-17T14:38:38.546448Z,2026-02-17 09:38 AM ET,2273.86
87dfd463-9116-5e28-399d-5118ab7d19da,KXLEADERSOUT-27JAN01-JJERPERU,0.94,8100,8100.00,94,6,0.9400,0.0600,yes,2026-02-17T14:38:38.546448Z,2026-02-17 09:38 AM ET,7614.0
f12702ae-1892-7f4e-6886-a83951eaf34d,KXSENATETXD-26-JCRO,0.35,4000,4000.00,35,65,0.3500,0.6500,no,2026-02-17T14:13:58.20689Z,2026-02-17T14:13:58.20689Z,2600.0
d4e76844-f79c-505a-344e-da66d6accd16,KXFEDCHAIRNOM-29-JS,0.03,2206,2206.00,3,97,0.0300,0.9700,no,2026-02-17T13:56:00.801555Z,2026-02-17 08:56 AM ET,2139.82
e4155bfe-62aa-799f-49b9-f0f0bc1ee35d,KXELECTIONBILL-26MAY01,0.07,3500,3500.00,7,93,0.0700,0.9300,no,2026-02-17T13:55:10.232827Z,2026-02-17 08:55 AM ET,3255.0
41712c24-5292-7c44-4cdc-c6c1f98cf22c,KXELECTIONBILL-26MAY01,0.07,3000,3000.00,7,93,0.0700,0.9300,no,2026-02-17T13:55:10.232827Z,2026-02-17 08:55 AM ET,2790.0
d637bf00-43b9-665c-2957-cac8c71c008c,CONTROLH-2026-D,0.78,13864,13864.00,78,22,0.7800,0.2200,yes,2026-02-17T13:45:58.415591Z,2026-02-17 08:45 AM ET,10813.92
a6b0c6e3-3574-42d6-27e1-90110a2feb1a,KXFEDCHAIRNOM-29-JS,0.03,4098,4098.00,3,97,0.0300,0.9700,no,2026-02-17T13:43:52.84104Z,2026-02-17T13:43:52.84104Z,3975.06
98404de4-da7a-5b13-35a9-715811c21f9f,KXFEDCHAIRNOM-29-JS,0.03,9383,9383.00,3,97,0.0300,0.9700,no,2026-02-17T12:40:47.491607Z,2026-02-17 07:40 AM ET,9101.51
6be0c942-1bc8-5d32-063f-0ba7f439827e,KXFEDCHAIRNOM-29-JS,0.03,55617,55617.00,3,97,0.0300,0.9700,no,2026-02-17T12:40:47.491607Z,2026-02-17 07:40 AM ET,53948.49
fc0171b6-f7ea-5462-1933-406cc1dfe17a,KXDHSFUND-26MAR01,0.25,2988,2988.00,25,75,0.2500,0.7500,no,2026-02-17T12:14:23.525903Z,2026-02-17 07:14 AM ET,2241.0
467da55e-838f-7f2e-b9bf-91192bcbb2f6,KXFEDCHAIRNOM-29-KW,0.95,10000,10000.00,95,5,0.9500,0.0500,yes,2026-02-17T11:51:59.358513Z,2026-02-17 06:51 AM ET,9500.0
3dab13a4-80c7-5e26-353e-38a92c770272,KXFEDCHAIRNOM-29-KW,0.95,35138,35138.00,95,5,0.9500,0.0500,yes,2026-02-17T11:44:21.206245Z,2026-02-17 06:44 AM ET,33381.1
8e3ab8e7-b4ea-5673-74f8-8ba3fb665876,KXDHSFUNDING-26APR01,0.7,3000,3000.00,70,30,0.7000,0.3000,yes,2026-02-17T11:44:20.900193Z,2026-02-17 06:44 AM ET,2100.0
8b0ab003-bd07-5448-4066-55aa941a282d,KXDHSFUND-26MAR01,0.27,8424,8424.00,27,73,0.2700,0.7300,no,2026-02-17T11:37:46.202199Z,2026-02-17 06:37 AM ET,6149.52
d3d39a0b-ae2e-66bb-3a35-58574e7c4367,KXFEDCHAIRNOM-29-JS,0.03,2500,2500.00,3,97,0.0300,0.9700,no,2026-02-17T11:14:22.035444Z,2026-02-17 06:14 AM ET,2425.0
c867ee00-a4b1-4ad3-3631-0ec05bdaa189,KXGOVTSHUTLENGTH-26FEB07-G15,0.78,10000,10000.00,78,22,0.7800,0.2200,no,2026-02-17T11:03:26.971976Z,2026-02-17 06:03 AM ET,2200.0
b5557e83-e35e-555e-6483-93a0db802aa6,KXDHSFUND-26MAR01,0.32,12002,12002.00,32,68,0.3200,0.6800,no,2026-02-17T11:02:10.033463Z,2026-02-17 06:02 AM ET,8161.36
f3c24931-b3c9-5410-44b3-2e3e26d4c0c0,KXTARIFFCHECKS-26-MAR,0.01,2800,2800.00,1,99,0.0100,0.9900,no,2026-02-17T10:47:07.64075Z,2026-02-17T10:47:07.64075Z,2772.0
587a3ad5-a9df-6f36-7e90-10ceac6fa432,KXFEDCHAIRNOM-29-KW,0.95,9523,9523.00,95,5,0.9500,0.0500,yes,2026-02-17T10:23:55.217079Z,2026-02-17 05:23 AM ET,9046.85
b4745ba4-e17d-56dc-7974-fce61f429dc8,KXDJTVOSTARIFFS,0.26,18429,18429.00,26,74,0.2600,0.7400,yes,2026-02-17T09:54:40.845525Z,2026-02-17 04:54 AM ET,4791.54
7c6a948d-b024-5d9f-4bf9-311ad51fa8fe,KXDHSFUND-26MAR10,0.65,7243,7243.00,65,35,0.6500,0.3500,no,2026-02-17T07:11:35.260912Z,2026-02-17 02:11 AM ET,2535.05
a3f29097-ab4a-5c03-50fe-ff5f640af807,KXFEDCHAIRNOM-29-JS,0.03,3166,3166.00,3,97,0.0300,0.9700,no,2026-02-17T06:37:40.914011Z,2026-02-17 01:37 AM ET,3071.02
39777dfa-bbcb-4672-5f1e-cf185558d736,KXKHAMENEIOUT-AKHA-26MAR01,0.05,4000,4000.00,5,95,0.0500,0.9500,no,2026-02-17T06:07:56.389748Z,2026-02-17 01:07 AM ET,3800.0
3d8f9190-663e-6c51-ae18-016dff586705,KXFEDCHAIRNOM-29-JS,0.04,8690,8690.00,4,96,0.0400,0.9600,no,2026-02-17T05:25:30.566414Z,2026-02-17 12:25 AM ET,8342.4
8db1cb0a-0f6a-65f2-7783-e4552c70d325,KXTARIFFCHECKS-26-MAR,0.02,3889,3889.00,2,98,0.0200,0.9800,no,2026-02-17T04:55:21.46504Z,2026-02-17T04:55:21.46504Z,3811.22
3f448a55-87b7-4e21-ec9a-ad9f57b8e06a,KXATTENDSOTU-DROD,0.01,2801,2801.00,1,99,0.0100,0.9900,no,2026-02-17T04:36:46.920469Z,2026-02-16 11:36 PM ET,2772.99
13ce4d8c-a761-44df-6e83-7a671c4941c7,KXPORTUGALSEGUROSWEEP-26FEB08,0.99,3000,3000.00,99,1,0.9900,0.0100,yes,2026-02-17T04:32:20.196026Z,2026-02-16 11:32 PM ET,2970.0
1f6b33a4-6bb6-4c26-debf-ba2f293c1092,KXLASTWORDMENTION-26FEB17-ICE,0.07,2611,2611.00,7,93,0.0700,0.9300,no,2026-02-17T03:35:15.488054Z,2026-02-16 10:35 PM ET,2428.23
3bb381a9-0dfb-698e-e435-f72b26fc8a4f,KXTRUMPENDORSE-26SEP15-JLET,0.97,3000,3000.00,97,3,0.9700,0.0300,yes,2026-02-17T02:38:43.797041Z,2026-02-16 09:38 PM ET,2910.0
7142cc90-c282-4555-1d00-337a40c6a8ab,KXTRUMPMENTION-26FEB28-TRUM,0.86,3749,3749.00,86,14,0.8600,0.1400,yes,2026-02-17T02:22:36.854213Z,2026-02-16 09:22 PM ET,3224.14
f6f36bfe-639b-7bb1-f6a4-73fae84896ea,KXPRESNOMD-28-RW,0.01,10000,10000.00,1,99,0.0100,0.9900,no,2026-02-17T02:19:14.096167Z,2026-02-16 09:19 PM ET,9900.0
2aaebb8a-9fa7-7511-de30-a153390e33ee,KXPRESNOMD-28-RW,0.01,5000,5000.00,1,99,0.0100,0.9900,no,2026-02-17T02:19:07.820001Z,2026-02-16 09:19 PM ET,4950.0
4b5f755c-c1ec-5ced-bb61-d4600b11da12,KXPRESNOMD-28-RGAL,0.02,3239,3239.00,2,98,0.0200,0.9800,no,2026-02-17T02:17:49.977087Z,2026-02-16 09:17 PM ET,3174.22
edf189f0-1278-4dd1-0ae3-d57beb01d76a,KXPRESNOMD-28-RGAL,0.02,10000,10000.00,2,98,0.0200,0.9800,no,2026-02-17T02:17:49.970495Z,2026-02-16 09:17 PM ET,9800.0
98a5b1be-c9fc-77e5-9c04-8e441d2cc3d6,KXPRESNOMD-28-RGAL,0.02,5000,5000.00,2,98,0.0200,0.9800,no,2026-02-17T02:17:30.508172Z,2026-02-16 09:17 PM ET,4900.0
38f9fa22-b166-7346-4f83-fc65427b25c5,KXPRESNOMD-28-JTAL,0.01,5000,5000.00,1,99,0.0100,0.9900,no,2026-02-17T02:17:15.917301Z,2026-02-16 09:17 PM ET,4950.0
1cdb71ee-319e-507d-9f1f-82b6e2ee052e,KXPRESNOMD-28-CMUR,0.01,2500,2500.00,1,99,0.0100,0.9900,no,2026-02-17T02:17:04.862251Z,2026-02-16 09:17 PM ET,2475.0
e3faf789-5975-4408-aad8-e337f3e18e3c,CONTROLH-2026-D,0.78,2999,2999.00,78,22,0.7800,0.2200,yes,2026-02-17T02:15:37.117296Z,2026-02-16 09:15 PM ET,2339.22
5211cc2e-5af3-5ea2-12d7-1e56f6fa42be,KXKHAMENEIOUT-AKHA-26MAR01,0.05,2843,2843.00,5,95,0.0500,0.9500,no,2026-02-17T01:41:35.496967Z,2026-02-16 08:41 PM ET,2700.85
d2f1effa-0efc-7993-da60-97023c7ba69d,KXTRUMPMENTION-26FEB28-HIGH,0.5,9987,9987.00,50,50,0.5000,0.5000,yes,2026-02-17T01:10:02.518741Z,2026-02-16 08:10 PM ET,4993.5
e34e254a-8d9f-6ac8-e31a-454cf1970482,KXFEDCHAIRNOM-29-KW,0.94,73488,73488.00,94,6,0.9400,0.0600,no,2026-02-17T00:42:40.804422Z,2026-02-16 07:42 PM ET,4409.28
15b6c448-d284-4fc7-f65a-09bb81920850,KXOCTSWEEP-25OCT31,0.01,2649,2649.00,1,99,0.0100,0.9900,no,2026-02-16T23:12:31.227925Z,2026-02-16 06:12 PM ET,2622.51
ba0a7daf-94a1-4bf6-79cd-78c4226ff495,KXUSAEXPANDTERRITORY-26MAR01,0.01,2267,2267.00,1,99,0.0100,0.9900,no,2026-02-16T23:09:48.2236Z,2026-02-16T23:09:48.2236Z,2244.33
031365bc-35c9-42c2-4611-9dad65c071b9,KXUSAEXPANDTERRITORY-26MAR01,0.01,2243,2243.00,1,99,0.0100,0.9900,no,2026-02-16T23:09:48.2236Z,2026-02-16T23:09:48.2236Z,2220.57
eed114fc-9023-410f-e2ee-3c5fdf70ee42,KXCABOUT-29JAN-KNOE,0.14,2685,2685.00,14,86,0.1400,0.8600,no,2026-02-16T22:53:39.462644Z,2026-02-16 05:53 PM ET,2309.1
9892ef7f-c7d2-6967-a06c-65439d68ffde,KXGOVTSHUTLENGTH-26FEB07-G10,0.97,11695,11695.00,97,3,0.9700,0.0300,yes,2026-02-16T22:28:11.182345Z,2026-02-16 05:28 PM ET,11344.15
ade1763d-7e9c-6758-ad36-029a8d9931e0,KXWOMENTION-26FEB17C-GLAS,0.99,2111,2111.00,99,1,0.9900,0.0100,yes,2026-02-16T22:24:05.507132Z,2026-02-16 05:24 PM ET,2089.89
dd47acae-69e7-71f2-e3f4-23cc27bfc111,KXFEDCHAIRNOM-29-JS,0.04,77545,77545.00,4,96,0.0400,0.9600,yes,2026-02-16T22:23:06.49999Z,2026-02-16T22:23:06.49999Z,3101.8
5db1741b-f104-7998-fd57-6b220b96fb81,KXFEDCHAIRNOM-29-JS,0.04,100000,100000.00,4,96,0.0400,0.9600,yes,2026-02-16T22:23:06.49999Z,2026-02-16T22:23:06.49999Z,4000.0
77b3bac9-34c6-474d-23a8-94cb80c4e235,CONTROLH-2026-R,0.21,5215,5215.00,21,79,0.2100,0.7900,no,2026-02-16T22:20:19.732652Z,2026-02-16 05:20 PM ET,4119.85
2078306c-eac9-496e-1c61-4eff97228bf0,CONTROLH-2026-R,0.21,34371,34371.00,21,79,0.2100,0.7900,no,2026-02-16T22:20:19.732652Z,2026-02-16 05:20 PM ET,27153.09
82ac6c95-9085-604a-0e8e-d1ef7e6d7cc2,KXWOMENTION-26FEB17C-SHOO,0.99,2587,2587.00,99,1,0.9900,0.0100,yes,2026-02-16T22:18:53.718939Z,2026-02-16 05:18 PM ET,2561.13
9818b508-829b-795b-467b-8b8ca51b5a60,KXKHAMENEIOUT-AKHA-26MAR01,0.05,8934,8934.00,5,95,0.0500,0.9500,no,2026-02-16T21:49:00.133117Z,2026-02-16 04:49 PM ET,8487.3
b2359678-7e1c-44b1-77d5-91ef90c93dee,KXPRESNOMD-28-RGAL,0.02,10000,10000.00,2,98,0.0200,0.9800,no,2026-02-16T21:47:52.836566Z,2026-02-16 04:47 PM ET,9800.0
17674ced-0776-5a11-5a23-dd3df61a9c7f,KXUSACOMPANYSTAKE-27JAN01-ANTH,0.02,2796,2796.00,2,98,0.0200,0.9800,no,2026-02-16T21:43:01.501733Z,2026-02-16 04:43 PM ET,2740.08
433fbfdc-2baa-44d3-6244-1956b3dd1144,KXKHAMENEIOUT-AKHA-26MAR01,0.05,10000,10000.00,5,95,0.0500,0.9500,no,2026-02-16T21:08:53.603004Z,2026-02-16 04:08 PM ET,9500.0
68e70794-c0d3-609d-f42a-c7bf400d0005,KXKHAMENEIOUT-AKHA-26MAR01,0.04,10000,10000.00,4,96,0.0400,0.9600,no,2026-02-16T21:06:12.165348Z,2026-02-16 04:06 PM ET,9600.0
b911a140-0e33-4cb1-6855-b6c188a1345d,KXKHAMENEIOUT-AKHA-26MAR01,0.04,10000,10000.00,4,96,0.0400,0.9600,no,2026-02-16T21:06:11.983806Z,2026-02-16 04:06 PM ET,9600.0
46253b4b-e643-6855-318b-db4b38bbb132,KXKHAMENEIOUT-AKHA-26MAR01,0.04,8183,8183.00,4,96,0.0400,0.9600,no,2026-02-16T20:57:02.070906Z,2026-02-16 03:57 PM ET,7855.68
1023fe53-0381-4b5d-c847-a0d109279920,KXELECTIONBILL-26MAY01,0.09,8206,8206.00,9,91,0.0900,0.9100,no,2026-02-16T20:52:31.321474Z,2026-02-16 03:52 PM ET,7467.46
bd53ba5e-b83e-6bde-7a7d-00fa2d243425,KXPRESPERSON-28-JVAN,0.25,12605,12605.00,25,75,0.2500,0.7500,yes,2026-02-16T20:50:10.476447Z,2026-02-16 03:50 PM ET,3151.25
d8d4be5b-c308-757f-4155-7980f5c77366,KXALIENS-27,0.16,3965,3965.00,16,84,0.1600,0.8400,no,2026-02-16T20:43:15.926699Z,2026-02-16 03:43 PM ET,3330.6
908d7a20-aeaf-607a-fae9-3208ff4a102e,KXFEDCHAIRNOM-29-KW,0.95,2739,2739.00,95,5,0.9500,0.0500,yes,2026-02-16T20:40:41.108701Z,2026-02-16 03:40 PM ET,2602.05
df633b32-b3e3-706a-4f97-2dd3a1998b1a,KXFEDCHAIRNOM-29-KW,0.95,6170,6170.00,95,5,0.9500,0.0500,yes,2026-02-16T20:33:08.226209Z,2026-02-16 03:33 PM ET,5861.5
d35a9719-d5de-5020-bea8-a8ea75b1deed,KXALIENS-27,0.16,3531,3531.00,16,84,0.1600,0.8400,no,2026-02-16T20:05:54.243054Z,2026-02-16 03:05 PM ET,2966.04
ca922c49-5196-56f8-3466-a7ad19be658e,KXFEDCHAIRNOM-29-JS,0.03,25612,25612.00,3,97,0.0300,0.9700,no,2026-02-16T19:51:31.573204Z,2026-02-16 02:51 PM ET,24843.64
4d5c6148-3b1c-759e-4dc6-795c49b51ee7,KXTRUMPMENTION-26FEB28-CRYP,0.31,8541,8541.00,31,69,0.3100,0.6900,no,2026-02-16T19:50:40.903372Z,2026-02-16 02:50 PM ET,5893.29
1c3e5a5a-4a3e-4e70-efa1-1214629192d2,KXFEDCHAIRNOM-29-JS,0.03,12020,12020.00,3,97,0.0300,0.9700,no,2026-02-16T19:25:57.870204Z,2026-02-16 02:25 PM ET,11659.4
a4d8599b-c599-563e-add6-dd59b2cd04c7,KXPRESPERSON-28-JVAN,0.23,3000,3000.00,23,77,0.2300,0.7700,no,2026-02-16T19:08:42.917193Z,2026-02-16 02:08 PM ET,2310.0
97766bfe-6487-7c21-e3f6-426b36d90937,KXALIENS-27,0.15,11642,11642.00,15,85,0.1500,0.8500,no,2026-02-16T18:55:13.9575Z,2026-02-16T18:55:13.9575Z,9895.7
db537ee1-a53d-5415-8ecb-cabc041d1833,KXALIENS-27,0.15,4081,4081.00,15,85,0.1500,0.8500,no,2026-02-16T18:35:25.780257Z,2026-02-16 01:35 PM ET,3468.85
58d7614a-7c4b-5dcd-bfc2-5594faca9f4b,KXALIENS-27,0.15,3819,3819.00,15,85,0.1500,0.8500,no,2026-02-16T18:35:25.780257Z,2026-02-16 01:35 PM ET,3246.15
e6165e2a-8af7-5f0a-d066-79f4aa0ddebe,KXFEDCHAIRNOM-29-KW,0.95,12485,12485.00,95,5,0.9500,0.0500,yes,2026-02-16T18:24:32.725961Z,2026-02-16 01:24 PM ET,11860.75
09cfcda2-0a96-4128-b841-0fdc226a9576,KXFEDCHAIRNOM-29-JS,0.03,2576,2576.00,3,97,0.0300,0.9700,no,2026-02-16T18:21:24.556527Z,2026-02-16 01:21 PM ET,2498.72
c57d6fae-319b-5a01-7e4b-912f55da3366,KXALIENS-27,0.16,2500,2500.00,16,84,0.1600,0.8400,no,2026-02-16T18:02:42.062722Z,2026-02-16 01:02 PM ET,2100.0
95efb0f3-12e9-72dc-1376-eb22f701c601,KXALIENS-27,0.16,3456,3456.00,16,84,0.1600,0.8400,no,2026-02-16T18:02:21.716139Z,2026-02-16 01:02 PM ET,2903.04
47c78af5-e9d8-7fa7-23be-77e5a1c06d45,KXALIENS-27,0.16,3000,3000.00,16,84,0.1600,0.8400,no,2026-02-16T18:02:21.716139Z,2026-02-16 01:02 PM ET,2520.0
4340288f-e684-7488-22a4-154b122de02f,KXALIENS-27,0.16,2500,2500.00,16,84,0.1600,0.8400,no,2026-02-16T18:02:21.716139Z,2026-02-16 01:02 PM ET,2100.0
e3c08a66-4f20-42b8-ff30-2da1ca21be67,KXWARSHNOM-26FEB20-T0,0.06,5000,5000.00,6,94,0.0600,0.9400,no,2026-02-16T17:47:31.204775Z,2026-02-16 12:47 PM ET,4700.0
99943900-d7eb-49df-de74-590b7cbe15a7,KXWARSHNOM-26FEB20-T0,0.06,11865,11865.00,6,94,0.0600,0.9400,no,2026-02-16T17:47:31.204775Z,2026-02-16 12:47 PM ET,11153.1
b551c2a0-4bc7-481c-03c9-7416b2e6f55c,KXVENEZUELALEADER-26DEC31-MRUB,0.03,2500,2500.00,3,97,0.0300,0.9700,no,2026-02-16T17:20:52.097351Z,2026-02-16 12:20 PM ET,2425.0
5569753b-00c7-5070-69c6-743f1252a8c1,KXVENEZUELALEADER-26DEC31-DJT,0.03,2500,2500.00,3,97,0.0300,0.9700,no,2026-02-16T17:20:44.902213Z,2026-02-16 12:20 PM ET,2425.0
d286e6fe-9289-4b2b-726a-a4da7f1478d2,KXPRESNOMD-28-KH,0.06,3425,3425.00,6,94,0.0600,0.9400,no,2026-02-16T17:06:26.998583Z,2026-02-16 12:06 PM ET,3219.5
644c036b-d2a5-73eb-44b0-abbe1ea0db35,KXPRESNOMR-28-DJT,0.03,2279,2279.00,3,97,0.0300,0.9700,no,2026-02-16T17:04:00.389981Z,2026-02-16 12:04 PM ET,2210.63
f5a5116b-a0e1-4e03-f16d-82b5028dbbf9,KXDHSFUND-26MAR01,0.29,2993,2993.00,29,71,0.2900,0.7100,no,2026-02-16T16:43:52.764602Z,2026-02-16 11:43 AM ET,2125.03
4f24e5e2-f951-5ef2-c101-69ab475a54e0,KXFEDCHAIRNOM-29-JS,0.04,58728,58728.00,4,96,0.0400,0.9600,yes,2026-02-16T16:35:50.764505Z,2026-02-16 11:35 AM ET,2349.12
f01fccab-f855-6ef6-c319-e9fa783efff8,KXFEDCHAIRNOM-29-JS,0.04,6250,6250.00,4,96,0.0400,0.9600,no,2026-02-16T16:35:00.407803Z,2026-02-16 11:35 AM ET,6000.0
d99347d5-56c6-6a09-fcb7-528fa5cdaae9,KXFEDCHAIRNOM-29-JS,0.04,50000,50000.00,4,96,0.0400,0.9600,no,2026-02-16T16:35:00.407803Z,2026-02-16 11:35 AM ET,48000.0
3d8700f2-f15c-4512-6232-17891d287506,KXFEDCHAIRNOM-29-JS,0.04,20000,20000.00,4,96,0.0400,0.9600,no,2026-02-16T16:26:29.777218Z,2026-02-16 11:26 AM ET,19200.0
32f026bb-0d53-48b2-7ab3-516700296c56,KXFEDCHAIRNOM-29-JS,0.04,56439,56439.00,4,96,0.0400,0.9600,no,2026-02-16T16:26:29.777218Z,2026-02-16 11:26 AM ET,54181.44
2e3315a6-e489-48ec-6ac3-2f376b82ed8e,KXFEDCHAIRNOM-29-JS,0.04,11689,11689.00,4,96,0.0400,0.9600,no,2026-02-16T16:26:29.777218Z,2026-02-16 11:26 AM ET,11221.44
15724442-bebe-4019-7c07-a0d16340ffb4,KXFEDCHAIRNOM-29-JS,0.04,109789,109789.00,4,96,0.0400,0.9600,no,2026-02-16T16:26:29.777218Z,2026-02-16 11:26 AM ET,105397.44
cab02aff-73e7-59b6-9b68-aee1fe7ba87e,KXFEDCHAIRNOM-29-JS,0.04,10769,10769.00,4,96,0.0400,0.9600,no,2026-02-16T16:26:03.756883Z,2026-02-16 11:26 AM ET,10338.24
45d4435b-ac9f-4cba-5449-abb228a3fde6,KXFEDCHAIRNOM-29-KW,0.95,27576,27576.00,95,5,0.9500,0.0500,yes,2026-02-16T16:22:54.089092Z,2026-02-16 11:22 AM ET,26197.2
e74c29e9-2930-5c8b-d80a-5e55ccaafdf4,KXPRESNOMR-28-MR,0.18,5641,5641.00,18,82,0.1800,0.8200,no,2026-02-16T16:22:20.574238Z,2026-02-16 11:22 AM ET,4625.62
da1b2d7b-7ac8-7aba-6025-bfa428b63463,KXJULYCHARTER26-26,0.99,3736,3736.00,99,1,0.9900,0.0100,yes,2026-02-16T16:16:04.123983Z,2026-02-16 11:16 AM ET,3698.64
47ba6cb1-90b3-7ca6-7dd5-24486db04444,KXJULYCHARTER26-26,0.99,2336,2336.00,99,1,0.9900,0.0100,yes,2026-02-16T16:16:04.123983Z,2026-02-16 11:16 AM ET,2312.64
94959384-5e37-42ea-75c6-fbdae85b3b7a,KXFEDCHAIRNOM-29-JS,0.04,23984,23984.00,4,96,0.0400,0.9600,no,2026-02-16T16:14:12.995313Z,2026-02-16 11:14 AM ET,23024.64
95500a03-cd4e-46d8-c013-534eb47e97ec,KXFEDCHAIRNOM-29-JS,0.04,2868,2868.00,4,96,0.0400,0.9600,no,2026-02-16T16:10:57.050654Z,2026-02-16 11:10 AM ET,2753.28
691bc614-72df-445e-fba8-cb0da7321b86,KXFEDCHAIRNOM-29-JS,0.04,7308,7308.00,4,96,0.0400,0.9600,no,2026-02-16T16:10:57.050654Z,2026-02-16 11:10 AM ET,7015.68
76393bb5-c972-6e14-d5e0-4b3116866ac8,KXFEDCHAIRNOM-29-JS,0.04,89970,89970.00,4,96,0.0400,0.9600,no,2026-02-16T16:06:19.159994Z,2026-02-16 11:06 AM ET,86371.2
d92b84ea-c13d-7a22-f3dd-5d394d04814a,KXKHAMENEIOUT-AKHA-26MAR01,0.05,6294,6294.00,5,95,0.0500,0.9500,no,2026-02-16T15:55:11.819875Z,2026-02-16 10:55 AM ET,5979.3
5676d72a-c395-71f6-c16c-83edd89c07c3,KXKHAMENEIOUT-AKHA-26MAR01,0.05,5000,5000.00,5,95,0.0500,0.9500,no,2026-02-16T15:55:11.819875Z,2026-02-16 10:55 AM ET,4750.0
bf340089-a5d8-6e00-3878-0b31c6049919,KXJULYCHARTER26-26,0.99,3770,3770.00,99,1,0.9900,0.0100,yes,2026-02-16T15:51:50.480694Z,2026-02-16 10:51 AM ET,3732.3
ded58456-ded7-5383-4a06-a5ca49c4b426,KXJULYCHARTER26-26,0.98,4220,4220.00,98,2,0.9800,0.0200,yes,2026-02-16T15:44:45.28726Z,2026-02-16T15:44:45.28726Z,4135.6
4382ae36-d352-7edb-af1f-1f1b3571dae3,KXKHAMENEIOUT-AKHA-26MAR01,0.05,10000,10000.00,5,95,0.0500,0.9500,no,2026-02-16T15:33:14.369656Z,2026-02-16 10:33 AM ET,9500.0
3d56406f-23c3-7900-a67e-e87cfedb8369,KXKHAMENEIOUT-AKHA-26MAR01,0.05,3187,3187.00,5,95,0.0500,0.9500,no,2026-02-16T15:33:14.369656Z,2026-02-16 10:33 AM ET,3027.65
15139db9-1e6a-7038-e4f6-44bcaf449908,KXFEDCHAIRNOM-29-JS,0.04,3102,3102.00,4,96,0.0400,0.9600,no,2026-02-16T15:33:00.823179Z,2026-02-16 10:33 AM ET,2977.92
ce1385a5-3fa3-5bde-7e36-ac5a713e546a,KXGOVTSHUTLENGTH-26FEB07-G7,0.99,4111,4111.00,99,1,0.9900,0.0100,yes,2026-02-16T15:19:35.054608Z,2026-02-16 10:19 AM ET,4069.89
dd635166-eda2-6038-5ef4-39be81aef410,KXFEDCHAIRNOM-29-JS,0.04,15000,15000.00,4,96,0.0400,0.9600,no,2026-02-16T15:04:24.707436Z,2026-02-16 10:04 AM ET,14400.0
e23fae12-72f2-48d9-d8b0-0352fa323ddc,KXFEDCHAIRNOM-29-KW,0.95,25234,25234.00,95,5,0.9500,0.0500,yes,2026-02-16T15:03:53.885261Z,2026-02-16 10:03 AM ET,23972.3
bde2873c-33f7-44fe-fe45-fd256b22d3d6,KXFEDCHAIRNOM-29-KW,0.95,14766,14766.00,95,5,0.9500,0.0500,yes,2026-02-16T15:03:53.885261Z,2026-02-16 10:03 AM ET,14027.7
ffd371a0-de81-4d07-bb18-3440c1a7b5bd,CONTROLS-2026-R,0.6,6073,6073.00,60,40,0.6000,0.4000,no,2026-02-16T14:44:16.278719Z,2026-02-16 09:44 AM ET,2429.2
4f265cd3-301a-7e84-36f6-59fddc4359d0,KXFEDCHAIRNOM-29-JS,0.04,6986,6986.00,4,96,0.0400,0.9600,no,2026-02-16T14:29:46.219666Z,2026-02-16 09:29 AM ET,6706.56
c3b19400-a566-7ede-ee2c-079696d1580c,KXALIENS-27,0.18,2951,2951.00,18,82,0.1800,0.8200,no,2026-02-16T14:28:21.390382Z,2026-02-16 09:28 AM ET,2419.82
a15dbd27-7b46-4f5c-82db-53b5af7de9c8,KXFEDCHAIRNOM-29-JS,0.04,6991,6991.00,4,96,0.0400,0.9600,no,2026-02-16T14:18:35.730203Z,2026-02-16 09:18 AM ET,6711.36
6c397009-11ce-7a54-39d7-32fe71f6ee30,KXFEDCHAIRNOM-29-JS,0.04,10000,10000.00,4,96,0.0400,0.9600,no,2026-02-16T14:09:53.455049Z,2026-02-16 09:09 AM ET,9600.0
c060c130-6dde-4edc-6a19-7c7b6ffa9cdc,KXFEDCHAIRNOM-29-JS,0.04,2775,2775.00,4,96,0.0400,0.9600,no,2026-02-16T13:59:53.451163Z,2026-02-16 08:59 AM ET,2664.0
3fc12f45-3416-4eac-8d01-355ee818a9f8,KXFEDCHAIRNOM-29-JS,0.04,29304,29304.00,4,96,0.0400,0.9600,no,2026-02-16T13:20:59.636735Z,2026-02-16 08:20 AM ET,28131.84
2ca0c8ca-32aa-520c-5863-527d228b966c,KXFEDCHAIRNOM-29-JS,0.04,22094,22094.00,4,96,0.0400,0.9600,no,2026-02-16T12:53:19.348879Z,2026-02-16 07:53 AM ET,21210.24
88bcd047-c3ce-5368-28e0-baa492bdc878,KXFEDCHAIRNOM-29-JS,0.04,13389,13389.00,4,96,0.0400,0.9600,no,2026-02-16T12:48:22.132603Z,2026-02-16 07:48 AM ET,12853.44
9944b4d7-d686-7b01-c902-2e74642b0938,KXFEDCHAIRNOM-29-KW,0.95,2500,2500.00,95,5,0.9500,0.0500,yes,2026-02-16T11:26:17.750722Z,2026-02-16 06:26 AM ET,2375.0
59a57799-1d4f-6877-0fab-9ad206347477,KXPRESNOMD-28-AOC,0.11,2650,2650.00,11,89,0.1100,0.8900,no,2026-02-16T09:07:15.03134Z,2026-02-16T09:07:15.03134Z,2358.5
25680a0b-5e8d-7de0-2700-6e10832c5539,KXLEAVESTARMER-26MAR01,0.03,2950,2950.00,3,97,0.0300,0.9700,no,2026-02-16T07:57:53.558539Z,2026-02-16 02:57 AM ET,2861.5
e53304d7-1fee-491c-6704-3abe63b1ec2c,KXFEDCHAIRNOM-29-JS,0.04,3433,3433.00,4,96,0.0400,0.9600,no,2026-02-16T07:39:09.751766Z,2026-02-16 02:39 AM ET,3295.68
5977da55-b5c9-5d59-3d3c-cb7e6f3f357c,KXALIENS-27,0.17,3889,3889.00,17,83,0.1700,0.8300,no,2026-02-16T06:56:40.997154Z,2026-02-16 01:56 AM ET,3227.87
dba487f2-3422-6acc-f6a5-3f7ed818dd50,KXFEDCHAIRNOM-29-JS,0.04,11000,11000.00,4,96,0.0400,0.9600,no,2026-02-16T06:15:33.349253Z,2026-02-16 01:15 AM ET,10560.0
33de6c00-a386-54f5-45c6-13f205c677ec,KXFEDCHAIRNOM-29-KW,0.95,10000,10000.00,95,5,0.9500,0.0500,yes,2026-02-16T06:12:26.410248Z,2026-02-16 01:12 AM ET,9500.0
daa19c6a-4f23-6f61-30af-7009c6a88a88,KXFEDCHAIRNOM-29-JS,0.05,42855,42855.00,5,95,0.0500,0.9500,yes,2026-02-16T05:45:42.416064Z,2026-02-16 12:45 AM ET,2142.75
1f87ddd2-4423-62ce-60ea-82939df7ac4b,KXTRUMPMENTION-26FEB28-AFFO,0.59,8888,8888.00,59,41,0.5900,0.4100,no,2026-02-16T05:10:43.897229Z,2026-02-16 12:10 AM ET,3644.08
41c4c1a7-6eac-6334-3542-562dc4280c61,KXJULYCHARTER26-26,0.99,6561,6561.00,99,1,0.9900,0.0100,yes,2026-02-16T05:06:50.066818Z,2026-02-16 12:06 AM ET,6495.39
2ececd8f-e26c-6d50-978c-6e3188dea5d9,KXPRESPERSON-28-KHAR,0.04,50000,50000.00,4,96,0.0400,0.9600,yes,2026-02-16T04:52:36.613648Z,2026-02-15 11:52 PM ET,2000.0
10dd8163-1c5e-6d73-8758-054f975a8fb5,KXPRESPERSON-28-KHAR,0.04,50000,50000.00,4,96,0.0400,0.9600,yes,2026-02-16T04:52:36.613648Z,2026-02-15 11:52 PM ET,2000.0
ed1c3d26-0e91-43ab-45b4-52e045bc4676,KXVENEZUELALEADER2-26JUN01-NMAD,0.03,5230,5230.00,3,97,0.0300,0.9700,no,2026-02-16T03:44:11.892812Z,2026-02-15 10:44 PM ET,5073.1
140808a2-6797-4d50-3a84-61b00659c1e9,KXJULYCHARTER26-26,0.98,4818,4818.00,98,2,0.9800,0.0200,yes,2026-02-16T03:40:31.564707Z,2026-02-15 10:40 PM ET,4721.64
5fb3c292-f74b-5dc0-520f-23a5702e1995,KXKHAMENEIOUT-AKHA-26MAR01,0.05,3751,3751.00,5,95,0.0500,0.9500,no,2026-02-16T03:40:19.584378Z,2026-02-15 10:40 PM ET,3563.45
64aaf861-65d1-64ee-a955-6aab9f843433,KXFEDCHAIRNOM-29-JS,0.04,10501,10501.00,4,96,0.0400,0.9600,no,2026-02-16T03:37:23.266499Z,2026-02-15 10:37 PM ET,10080.96
51892248-38ae-61ca-3505-25eed9d9858d,KXTRUMPMENTION-26FEB28-CRYP,0.32,8457,8457.00,32,68,0.3200,0.6800,no,2026-02-16T02:45:05.670416Z,2026-02-15 09:45 PM ET,5750.76
2b672969-4fbd-4548-1065-4c677faac088,KXTRUMPOUT27-27-DJT,0.16,3000,3000.00,16,84,0.1600,0.8400,no,2026-02-16T02:44:33.016869Z,2026-02-15 09:44 PM ET,2520.0
57fdcb0d-5fea-5be8-03ba-b50d66d134cb,KXJULYCHARTER26-26,0.99,2460,2460.00,99,1,0.9900,0.0100,yes,2026-02-16T02:38:07.871079Z,2026-02-15 09:38 PM ET,2435.4
c21f2999-f25e-593c-da6d-40e698620fcd,CONTROLS-2026-R,0.61,9676,9676.00,61,39,0.6100,0.3900,yes,2026-02-16T02:12:12.675387Z,2026-02-15 09:12 PM ET,5902.36
b3ded576-bf60-500e-ea11-7fdc91c5a7a6,KXALIENS-27,0.17,4359,4359.00,17,83,0.1700,0.8300,no,2026-02-16T02:04:11.441344Z,2026-02-15 09:04 PM ET,3617.97
ca742651-eb8f-4d12-8cd4-285f8e596b59,KXALIENS-27,0.18,3000,3000.00,18,82,0.1800,0.8200,no,2026-02-16T02:02:00.421638Z,2026-02-15 09:02 PM ET,2460.0
9bb55165-6f09-6d4e-5a50-4044ac6fb8fd,KXALIENS-27,0.18,2885,2885.00,18,82,0.1800,0.8200,no,2026-02-16T01:48:37.045644Z,2026-02-15 08:48 PM ET,2365.7
0c56e2b9-ca25-5758-7e6a-f98ff826c19c,KXGOVERNORMENTION-26FEB16-DEMO,0.99,2421,2421.00,99,1,0.9900,0.0100,yes,2026-02-16T01:40:53.601499Z,2026-02-15 08:40 PM ET,2396.79
be236b98-4b77-4351-7971-9ff713b39e67,KXBALANCEPOWERCOMBO-27FEB-DD,0.34,8264,8264.00,34,66,0.3400,0.6600,yes,2026-02-16T01:31:31.188059Z,2026-02-15 08:31 PM ET,2809.76
c9b3718f-e05d-6062-f092-37eef27c1b78,KXBALANCEPOWERCOMBO-27FEB-DD,0.34,7266,7266.00,34,66,0.3400,0.6600,yes,2026-02-16T01:30:35.681778Z,2026-02-15 08:30 PM ET,2470.44
8944071f-86e3-605a-e1eb-99afe50e015e,KXBALANCEPOWERCOMBO-27FEB-DD,0.36,10000,10000.00,36,64,0.3600,0.6400,yes,2026-02-16T01:30:35.681778Z,2026-02-15 08:30 PM ET,3600.0
7a552a73-c63c-62db-d906-e01d73a4c9a9,KXBALANCEPOWERCOMBO-27FEB-DD,0.37,10000,10000.00,37,63,0.3700,0.6300,yes,2026-02-16T01:30:35.681778Z,2026-02-15 08:30 PM ET,3700.0
6df3e901-d2e3-6df5-f495-4d908648e61a,KXBALANCEPOWERCOMBO-27FEB-DD,0.34,6099,6099.00,34,66,0.3400,0.6600,yes,2026-02-16T01:30:35.681778Z,2026-02-15 08:30 PM ET,2073.66
5f0e9d6e-ed28-65bd-d1f9-824eb40eccf2,KXBALANCEPOWERCOMBO-27FEB-DD,0.35,10000,10000.00,35,65,0.3500,0.6500,yes,2026-02-16T01:30:35.681778Z,2026-02-15 08:30 PM ET,3500.0
4cf958db-fada-6dae-14a7-3e1fc90a7876,KXGOVERNORMENTION-26FEB16-DEMO,0.87,3999,3999.00,87,13,0.8700,0.1300,yes,2026-02-16T01:19:18.581325Z,2026-02-15 08:19 PM ET,3479.13
e5f2a798-9e06-7669-a1c7-2bdbdceb4e09,KXPRESPERSON-28-KHAR,0.03,2571,2571.00,3,97,0.0300,0.9700,no,2026-02-16T01:08:02.913016Z,2026-02-15 08:08 PM ET,2493.87
e5b39488-c978-5874-d169-ef1804e2349c,KXPRESPERSON-28-MRUB,0.08,2702,2702.00,8,92,0.0800,0.9200,no,2026-02-16T01:06:02.559744Z,2026-02-15 08:06 PM ET,2485.84
8b3fc0bb-2789-6600-1ad9-5a8cdc6f5587,KXJULYCHARTER26-26,0.99,6666,6666.00,99,1,0.9900,0.0100,yes,2026-02-16T01:01:53.734234Z,2026-02-15 08:01 PM ET,6599.34
e5799a79-ddbf-6ed5-be84-a64bb696106c,KXFEDCHAIRNOM-29-JS,0.05,44119,44119.00,5,95,0.0500,0.9500,yes,2026-02-16T00:46:22.833593Z,2026-02-15 07:46 PM ET,2205.95
eefc315b-059b-7e41-3431-267d05731614,KXFEDCHAIRNOM-29-JS,0.05,46882,46882.00,5,95,0.0500,0.9500,yes,2026-02-16T00:29:13.764267Z,2026-02-15 07:29 PM ET,2344.1
3ec058fc-944a-556f-1838-2cb501a9bb13,KX60MINMENTION-26FEB16-AFFO,0.99,2029,2029.00,99,1,0.9900,0.0100,yes,2026-02-16T00:17:39.807705Z,2026-02-15 07:17 PM ET,2008.71
aabb1581-7757-72bc-6fdd-129b4562f3d3,KXDHSFUNDING-26MAR01,0.1,7141,7141.00,10,90,0.1000,0.9000,no,2026-02-16T00:06:36.775726Z,2026-02-15 07:06 PM ET,6426.9
6cb4a209-2188-7585-676e-16b1572c3f81,KXDHSFUNDING-26MAR01,0.11,4898,4898.00,11,89,0.1100,0.8900,no,2026-02-16T00:06:36.775726Z,2026-02-15 07:06 PM ET,4359.22
a300e995-42fe-694d-4fb8-7fa8343d2c00,KXFEDCHAIRNOM-29-KW,0.95,3500,3500.00,95,5,0.9500,0.0500,yes,2026-02-15T23:23:33.883643Z,2026-02-15 06:23 PM ET,3325.0
6f626a5e-d8a9-7b6e-3949-d5ea7765afd4,KXFEDCHAIRNOM-29-JS,0.04,2295,2295.00,4,96,0.0400,0.9600,no,2026-02-15T23:16:08.132293Z,2026-02-15 06:16 PM ET,2203.2
33026523-8ebf-5454-7915-bbd8ff68f32f,KXDHSFUNDING-26MAR01,0.1,8091,8091.00,10,90,0.1000,0.9000,no,2026-02-15T22:53:45.268265Z,2026-02-15 05:53 PM ET,7281.9
bd498d77-577b-7220-c3ef-7fb885bae36b,KXDHSFUNDING-26MAR01,0.1,4045,4045.00,10,90,0.1000,0.9000,no,2026-02-15T22:53:36.999412Z,2026-02-15 05:53 PM ET,3640.5
e2407d15-f421-6516-414a-86ffe7b38cee,KXFEDCHAIRNOM-29-JS,0.04,27181,27181.00,4,96,0.0400,0.9600,no,2026-02-15T21:42:34.57258Z,2026-02-15T21:42:34.57258Z,26093.76
4125afe6-25b5-6a97-7346-762f1aa6b618,KXFEDCHAIRNOM-29-JS,0.04,2819,2819.00,4,96,0.0400,0.9600,no,2026-02-15T21:42:34.57258Z,2026-02-15T21:42:34.57258Z,2706.24
c76a6183-bb98-6427-bef9-96d04546b445,KXTRUMPMENTION-26FEB28-WOKE,0.76,9603,9603.00,76,24,0.7600,0.2400,no,2026-02-15T21:32:00.864469Z,2026-02-15 04:32 PM ET,2304.72
e1651ef7-8d6e-478c-d5d0-d1a18cb10636,KXFEDCHAIRNOM-29-JS,0.04,10000,10000.00,4,96,0.0400,0.9600,no,2026-02-15T21:25:55.931114Z,2026-02-15 04:25 PM ET,9600.0
d61dbac0-2346-6568-e8c1-ff697aea4682,KXFEDCHAIRNOM-29-JS,0.04,10000,10000.00,4,96,0.0400,0.9600,no,2026-02-15T21:23:07.342595Z,2026-02-15 04:23 PM ET,9600.0
3034f1e0-16ee-418c-e2bf-aaccb80bb646,KXPRESNOMD-28-MK,0.03,2546,2546.00,3,97,0.0300,0.9700,no,2026-02-15T20:55:53.008275Z,2026-02-15 03:55 PM ET,2469.62
00465535-a7ec-482b-e4d3-1114f79852f8,KXPRESNOMD-28-MK,0.03,2754,2754.00,3,97,0.0300,0.9700,no,2026-02-15T20:55:53.008275Z,2026-02-15 03:55 PM ET,2671.38
bbbf2f7e-bb22-71e5-0b87-53c1282dbaf4,KXFEDCHAIRNOM-29-KW,0.95,3411,3411.00,95,5,0.9500,0.0500,yes,2026-02-15T20:52:15.707915Z,2026-02-15 03:52 PM ET,3240.45
67f83f7c-ac31-6730-d367-5061634f0aa9,CONTROLS-2026-R,0.62,12088,12088.00,62,38,0.6200,0.3800,no,2026-02-15T20:50:38.63944Z,2026-02-15T20:50:38.63944Z,4593.44
d3ac28c7-2934-72f1-63bb-fcd676811e18,CONTROLS-2026-D,0.39,96999,96999.00,39,61,0.3900,0.6100,yes,2026-02-15T20:50:32.912484Z,2026-02-15 03:50 PM ET,37829.61
5bbd28fa-08db-7d21-7264-5eac78d5f0ce,KXTRUMPADMINLEAVE-26DEC31-KNOE,0.45,9000,9000.00,45,55,0.4500,0.5500,no,2026-02-15T20:42:16.832825Z,2026-02-15 03:42 PM ET,4950.0
5a6759f4-2025-4587-5828-ef1813bd1dab,KXALIENS-27,0.17,2500,2500.00,17,83,0.1700,0.8300,no,2026-02-15T20:40:54.272593Z,2026-02-15 03:40 PM ET,2075.0
b689d7aa-147a-5336-15eb-207b791524aa,KXALIENS-27,0.18,5001,5001.00,18,82,0.1800,0.8200,no,2026-02-15T20:36:53.887062Z,2026-02-15 03:36 PM ET,4100.82
041e7751-0db2-477a-3e1c-065497347a89,CONTROLS-2026-D,0.38,5629,5629.00,38,62,0.3800,0.6200,no,2026-02-15T20:25:22.957631Z,2026-02-15 03:25 PM ET,3489.98
888a4008-7ff6-7a88-e0dc-4c7d334f9406,CONTROLS-2026-D,0.38,67504,67504.00,38,62,0.3800,0.6200,yes,2026-02-15T20:24:52.379054Z,2026-02-15 03:24 PM ET,25651.52
255d4868-29a3-457b-1c25-07230916897f,KXGREENLAND-29-27,0.16,12509,12509.00,16,84,0.1600,0.8400,yes,2026-02-15T20:03:21.0487Z,2026-02-15T20:03:21.0487Z,2001.44
5f920ea9-ffa2-41e4-4d64-7227daa26dd2,KXFEDCHAIRNOM-29-JS,0.04,3000,3000.00,4,96,0.0400,0.9600,no,2026-02-15T19:44:52.685055Z,2026-02-15 02:44 PM ET,2880.0
bd9ba31c-1f8e-4779-6426-f4065479661c,KXFEDCHAIRNOM-29-KW,0.95,50000,50000.00,95,5,0.9500,0.0500,yes,2026-02-15T18:42:58.628206Z,2026-02-15 01:42 PM ET,47500.0
3046bb90-7b71-6052-fbfc-15ce0f52044e,KXPORTUGALSEGUROSWEEP-26FEB08,0.99,2468,2468.00,99,1,0.9900,0.0100,yes,2026-02-15T18:39:25.550713Z,2026-02-15 01:39 PM ET,2443.32
6eca2b68-f4fa-5775-7194-f3235ed73bee,KXSTARMERMENTIONB-26FEB19-REFO,0.01,5000,5000.00,1,99,0.0100,0.9900,no,2026-02-15T18:27:00.121095Z,2026-02-15 01:27 PM ET,4950.0
22f748e2-9704-6b93-4ecb-f7ba5227eff7,KXSTARMERMENTIONB-26FEB19-EPST,0.01,5000,5000.00,1,99,0.0100,0.9900,no,2026-02-15T18:26:00.135553Z,2026-02-15 01:26 PM ET,4950.0
54c04675-aea9-709f-3ae8-fc058da60be5,KXALIENS-27,0.18,9974,9974.00,18,82,0.1800,0.8200,no,2026-02-15T18:04:59.307413Z,2026-02-15 01:04 PM ET,8178.68
b099d3ea-28d8-7e97-e31c-bb2fe3298bff,KXKHAMENEIOUT-AKHA-26MAR01,0.05,4125,4125.00,5,95,0.0500,0.9500,no,2026-02-15T17:48:00.696347Z,2026-02-15 12:48 PM ET,3918.75
cd3e463f-e38a-6cea-e77b-5b0015d78e38,KXALIENS-27,0.2,10000,10000.00,20,80,0.2000,0.8000,yes,2026-02-15T17:47:39.18822Z,2026-02-15T17:47:39.18822Z,2000.0
24edc056-02f1-65bb-e7c7-172a19f66393,KXALIENS-27,0.2,10000,10000.00,20,80,0.2000,0.8000,yes,2026-02-15T17:47:39.18822Z,2026-02-15T17:47:39.18822Z,2000.0
2e1887a4-6ed7-772a-5d0b-68ab82bba3ce,SENATENM-26-D,0.97,2164,2164.00,97,3,0.9700,0.0300,yes,2026-02-15T17:38:17.826185Z,2026-02-15 12:38 PM ET,2099.08
36f320bd-658e-78f9-7ceb-a3f4e0b2fb28,KXKHAMENEIOUT-AKHA-26MAR01,0.05,3782,3782.00,5,95,0.0500,0.9500,no,2026-02-15T17:16:35.054568Z,2026-02-15 12:16 PM ET,3592.9
e7036f45-29a6-4247-22e9-180c503b3589,KXALIENS-27,0.19,21813,21813.00,19,81,0.1900,0.8100,yes,2026-02-15T15:56:08.485191Z,2026-02-15 10:56 AM ET,4144.47
d20693c7-6d45-470d-22db-8cacab866994,KXALIENS-27,0.19,16167,16167.00,19,81,0.1900,0.8100,yes,2026-02-15T15:56:08.485191Z,2026-02-15 10:56 AM ET,3071.73
c9a7c418-5539-5c19-1762-97c3a42b8b7b,KXLEAVESTARMER-26MAR01,0.04,3000,3000.00,4,96,0.0400,0.9600,no,2026-02-15T15:40:05.960474Z,2026-02-15 10:40 AM ET,2880.0
08444347-d481-52e5-3e8d-bf8fc5720688,KXLEAVESTARMER-26MAR01,0.04,9999,9999.00,4,96,0.0400,0.9600,no,2026-02-15T15:40:05.960474Z,2026-02-15 10:40 AM ET,9599.04
56a0b815-3a5e-6037-f5f5-a199abda5b03,KXPRESNOMD-28-JOSS,0.06,97413,97413.00,6,94,0.0600,0.9400,no,2026-02-15T15:28:16.030372Z,2026-02-15 10:28 AM ET,91568.22
37d312ff-1b87-4587-77f9-a70a5996dffb,KXHOMANMENTION-26FEB16-SANC,0.98,4213,4213.00,98,2,0.9800,0.0200,yes,2026-02-15T15:05:43.076934Z,2026-02-15 10:05 AM ET,4128.74
210b976d-7113-5352-8539-05da0926d087,KXHOMANMENTION-26FEB16-NOEM,0.98,3163,3163.00,98,2,0.9800,0.0200,yes,2026-02-15T15:05:39.901842Z,2026-02-15 10:05 AM ET,3099.74
0cb1ca74-cb44-5ba2-8182-678db3e160a8,KXHOMANMENTION-26FEB16-NOEM,0.98,3000,3000.00,98,2,0.9800,0.0200,yes,2026-02-15T15:05:39.901842Z,2026-02-15 10:05 AM ET,2940.0
9678202d-a2bd-622b-d8d0-bd07ceeea2c0,KXTRUMPSCOTUSVOTE-26-1,0.06,2382,2382.00,6,94,0.0600,0.9400,no,2026-02-15T15:00:17.172389Z,2026-02-15 10:00 AM ET,2239.08
b767e2d7-71a0-633c-10af-1fdab1a4dce8,KXMOVNJ11SPECIALD-26FEB05-WIN-P4,0.01,2458,2458.00,1,99,0.0100,0.9900,no,2026-02-15T14:55:24.512136Z,2026-02-15 09:55 AM ET,2433.42
a89a11ee-7641-54c8-97ea-042cf49135e6,KXKHAMENEIOUT-AKHA-26MAR01,0.06,10001,10001.00,6,94,0.0600,0.9400,no,2026-02-15T14:38:48.206534Z,2026-02-15 09:38 AM ET,9400.94
044cbb8a-ecf6-540d-8495-e3ffb1cb3097,KXKHAMENEIOUT-AKHA-26MAR01,0.06,5000,5000.00,6,94,0.0600,0.9400,no,2026-02-15T14:38:48.206534Z,2026-02-15 09:38 AM ET,4700.0
135ad1b0-0caa-52e5-25fd-16886696acdb,KXHOMANMENTION-26FEB16-NOEM,0.98,3200,3200.00,98,2,0.9800,0.0200,yes,2026-02-15T14:30:33.803991Z,2026-02-15 09:30 AM ET,3136.0
75731ce7-a7a7-55fb-62d9-d623f1047c24,KXGOVTSHUTLENGTH-26FEB07-G10,0.95,3146,3146.00,95,5,0.9500,0.0500,yes,2026-02-15T13:16:14.307993Z,2026-02-15 08:16 AM ET,2988.7
4f0ae256-ade7-5e33-8973-be0b7c7da26b,KXFTNMENTION-26FEB16-REPU,0.99,2162,2162.00,99,1,0.9900,0.0100,yes,2026-02-15T12:48:32.221944Z,2026-02-15 07:48 AM ET,2140.38
ddf4e702-546e-7271-d9e6-196f29cca844,KXFEDCHAIRNOM-29-KW,0.95,7662,7662.00,95,5,0.9500,0.0500,yes,2026-02-15T12:22:47.566955Z,2026-02-15 07:22 AM ET,7278.9
53ca44d5-61be-7b21-3ccd-9fa88baaf1f0,KXFEDCHAIRNOM-29-KW,0.95,5000,5000.00,95,5,0.9500,0.0500,yes,2026-02-15T11:03:17.789318Z,2026-02-15 06:03 AM ET,4750.0
dbee764c-4f36-62f0-074c-21b7b49ba75a,KXFEDCHAIRNOM-29-JS,0.04,2500,2500.00,4,96,0.0400,0.9600,no,2026-02-15T08:50:15.2262Z,2026-02-15T08:50:15.2262Z,2400.0
84c8fb34-58a6-5740-f7b7-46e558813c2e,KXFEDCHAIRNOM-29-JS,0.04,16142,16142.00,4,96,0.0400,0.9600,no,2026-02-15T08:40:46.780218Z,2026-02-15 03:40 AM ET,15496.32
f8d07e9d-faa6-50fb-6a61-7a9d3036de4b,KXWARSHNOM-26MAR13-T0,0.87,9277,9277.00,87,13,0.8700,0.1300,yes,2026-02-15T08:09:32.435888Z,2026-02-15 03:09 AM ET,8070.99
b6230335-346f-5c00-07cc-567445886997,KXSTARMERMENTIONB-26FEB19-DEBT,0.01,3477,3477.00,1,99,0.0100,0.9900,no,2026-02-15T07:55:23.251019Z,2026-02-15 02:55 AM ET,3442.23
ff2e383e-988f-4740-08b3-42d076023aef,KXFEDCHAIRNOM-29-JS,0.04,6242,6242.00,4,96,0.0400,0.9600,no,2026-02-15T07:08:34.800145Z,2026-02-15 02:08 AM ET,5992.32
f3405438-85df-4834-42fe-095a2045f81f,KXFEDCHAIRNOM-29-JS,0.04,91794,91794.00,4,96,0.0400,0.9600,no,2026-02-15T06:58:25.885597Z,2026-02-15 01:58 AM ET,88122.24
7259d4e4-a788-4b62-4e76-2b6710c2925a,KXFEDCHAIRNOM-29-JS,0.04,5000,5000.00,4,96,0.0400,0.9600,no,2026-02-15T06:58:25.885597Z,2026-02-15 01:58 AM ET,4800.0
230a0bfd-f5a7-43bb-6669-7c0561e1afef,KXFEDCHAIRNOM-29-JS,0.04,10000,10000.00,4,96,0.0400,0.9600,no,2026-02-15T06:58:25.885597Z,2026-02-15 01:58 AM ET,9600.0
c09db535-90a6-5941-b994-502a48a68b78,KXFEDCHAIRNOM-29-KW,0.95,50000,50000.00,95,5,0.9500,0.0500,yes,2026-02-15T06:56:26.697291Z,2026-02-15 01:56 AM ET,47500.0
eb501694-3e35-726d-017f-8c82d52ae45f,KXKHAMENEIOUT-AKHA-26MAR01,0.07,5000,5000.00,7,93,0.0700,0.9300,no,2026-02-15T06:47:29.638145Z,2026-02-15 01:47 AM ET,4650.0
69d01de6-b49a-49fd-ad08-105a14e104c9,KXALIENS-27,0.16,4834,4834.00,16,84,0.1600,0.8400,no,2026-02-15T06:42:11.688315Z,2026-02-15 01:42 AM ET,4060.56
d6777079-b46e-5889-937f-b45ea1cc6da4,KXKHAMENEIOUT-AKHA-26MAR01,0.08,2604,2604.00,8,92,0.0800,0.9200,no,2026-02-15T06:26:36.659819Z,2026-02-15 01:26 AM ET,2395.68
6f2d08a2-2549-523c-a714-665f13d6d9c9,KXKHAMENEIOUT-AKHA-26MAR01,0.08,3376,3376.00,8,92,0.0800,0.9200,no,2026-02-15T06:26:36.659819Z,2026-02-15 01:26 AM ET,3105.92
33ea8f12-382a-5d7e-f1b2-e0f573ad91db,KXPRESPERSON-28-MRUB,0.1,20587,20587.00,10,90,0.1000,0.9000,yes,2026-02-15T06:23:26.79262Z,2026-02-15T06:23:26.79262Z,2058.7
9044d095-46b2-5dd8-01c7-86f60650dab4,KXALIENS-27,0.16,4625,4625.00,16,84,0.1600,0.8400,no,2026-02-15T05:09:37.85134Z,2026-02-15T05:09:37.85134Z,3885.0
5636d588-4462-573d-8105-50b4bbbff401,KXDHSFUND-26FEB23,0.05,5328,5328.00,5,95,0.0500,0.9500,no,2026-02-15T04:33:43.265956Z,2026-02-14 11:33 PM ET,5061.6
d07bb215-b76f-55b2-d58f-6a585d5f4ba3,KXPRESNOMD-28-AOC,0.11,3000,3000.00,11,89,0.1100,0.8900,no,2026-02-15T04:32:03.983551Z,2026-02-14 11:32 PM ET,2670.0
b5d6310a-057b-5d15-edcf-0cdd7d5d3608,KXBALANCEPOWERCOMBO-27FEB-DR,0.46,6250,6250.00,46,54,0.4600,0.5400,yes,2026-02-15T04:07:03.472151Z,2026-02-14 11:07 PM ET,2875.0
c4f29c52-d2cd-4a81-06fc-966e537b6755,KXKHAMENEIOUT-AKHA-26APR01,0.16,4133,4133.00,16,84,0.1600,0.8400,no,2026-02-15T03:33:22.707927Z,2026-02-14 10:33 PM ET,3471.72
284bd06f-1ca0-492e-3cac-abc41e76f666,KXKHAMENEIOUT-AKHA-26APR01,0.16,5000,5000.00,16,84,0.1600,0.8400,no,2026-02-15T03:33:22.707927Z,2026-02-14 10:33 PM ET,4200.0
d1a7f5e0-b6b1-441d-8dd3-87cb497f9cd6,KXFEDCHAIRNOM-29-JS,0.04,4000,4000.00,4,96,0.0400,0.9600,no,2026-02-15T03:28:43.807182Z,2026-02-14 10:28 PM ET,3840.0
26a09053-71f7-7e1d-0311-87c206849548,KXFEDCHAIRNOM-29-JS,0.05,45944,45944.00,5,95,0.0500,0.9500,yes,2026-02-15T03:21:24.878957Z,2026-02-14 10:21 PM ET,2297.2
71506b7f-74fd-6c3d-f7cf-56cdbc82e8fe,KXFEDCHAIRNOM-29-JS,0.04,6000,6000.00,4,96,0.0400,0.9600,no,2026-02-15T03:17:32.369473Z,2026-02-14 10:17 PM ET,5760.0
ed1de73e-7c8a-6687-f1b2-3fab3dfe0927,KXALIENS-27,0.16,4923,4923.00,16,84,0.1600,0.8400,no,2026-02-15T03:17:26.374385Z,2026-02-14 10:17 PM ET,4135.32
52bc3ca4-51f3-65f6-f36a-05870c883428,KXALIENS-27,0.16,10001,10001.00,16,84,0.1600,0.8400,no,2026-02-15T03:17:26.374385Z,2026-02-14 10:17 PM ET,8400.84
aba5836a-5999-6955-7f0d-b0406e2ddf82,KXFEDCHAIRNOM-29-JS,0.04,5000,5000.00,4,96,0.0400,0.9600,no,2026-02-15T02:36:03.974716Z,2026-02-14 09:36 PM ET,4800.0
a828b0e4-a5e8-41b1-d544-df19909c4f05,KXPRESNOMR-28-TG,0.01,20000,20000.00,1,99,0.0100,0.9900,no,2026-02-15T02:35:36.296689Z,2026-02-14 09:35 PM ET,19800.0
d62d6bc1-1676-5ced-6103-7185485947d4,KXFEDCHAIRNOM-29-KW,0.95,10000,10000.00,95,5,0.9500,0.0500,yes,2026-02-15T02:15:08.32972Z,2026-02-15T02:15:08.32972Z,9500.0
888ba2fb-26c6-4cb6-d3f7-292acd1b5f63,KXGOVTSHUTLENGTH-26FEB07-G15,0.82,2861,2861.00,82,18,0.8200,0.1800,yes,2026-02-15T01:35:49.914457Z,2026-02-14 08:35 PM ET,2346.02
2ed8433d-735a-4edd-4d86-287610916500,KXFEDCHAIRNOM-29-KW,0.95,3050,3050.00,95,5,0.9500,0.0500,yes,2026-02-15T00:25:02.375966Z,2026-02-14 07:25 PM ET,2897.5
3c18d439-bdd1-7abb-796e-3370384d5d1d,KXFEDCHAIRNOM-29-JS,0.04,2342,2342.00,4,96,0.0400,0.9600,no,2026-02-14T23:51:07.441597Z,2026-02-14 06:51 PM ET,2248.32
9ba7207c-f32d-4b74-5380-68279d92800c,CONTROLH-2026-D,0.78,6218,6218.00,78,22,0.7800,0.2200,yes,2026-02-14T23:38:34.773269Z,2026-02-14 06:38 PM ET,4850.04
fce75b73-3241-52c9-99f7-7485b049890d,KXFEDCHAIRNOM-29-JS,0.04,5836,5836.00,4,96,0.0400,0.9600,no,2026-02-14T23:37:12.758628Z,2026-02-14 06:37 PM ET,5602.56
bc5f1210-ce36-5b80-9098-a87a0dd73a87,KXFEDCHAIRNOM-29-JS,0.04,5000,5000.00,4,96,0.0400,0.9600,no,2026-02-14T23:37:12.758628Z,2026-02-14 06:37 PM ET,4800.0
960f530b-970a-54e7-a177-5e2a1c85280a,KXFEDCHAIRNOM-29-JS,0.04,5000,5000.00,4,96,0.0400,0.9600,no,2026-02-14T23:37:12.758628Z,2026-02-14 06:37 PM ET,4800.0
89ebf708-1bfd-544c-9352-82887f0bb73e,KXFEDCHAIRNOM-29-JS,0.04,20000,20000.00,4,96,0.0400,0.9600,no,2026-02-14T23:37:12.758628Z,2026-02-14 06:37 PM ET,19200.0
6a19a2fa-1e26-5227-b386-b5be5b10825f,KXFEDCHAIRNOM-29-JS,0.04,10000,10000.00,4,96,0.0400,0.9600,no,2026-02-14T23:37:12.758628Z,2026-02-14 06:37 PM ET,9600.0
74bef0a7-7c41-45c5-bed2-aa2e81dcaa9d,KXALIENS-27,0.16,4913,4913.00,16,84,0.1600,0.8400,no,2026-02-14T23:25:45.866853Z,2026-02-14 06:25 PM ET,4126.92
7f580cfb-9094-6541-aa08-853cf7631322,KXFEDCHAIRNOM-29-JS,0.04,3058,3058.00,4,96,0.0400,0.9600,no,2026-02-14T23:18:33.582364Z,2026-02-14 06:18 PM ET,2935.68
aba6bdf0-5111-7b38-ce48-6f061d7999e1,KXPRESNOMD-28-CBOO,0.01,5000,5000.00,1,99,0.0100,0.9900,no,2026-02-14T23:10:43.437568Z,2026-02-14 06:10 PM ET,4950.0
352e68b7-2f42-4d1d-58a8-75118443a344,KXKHAMENEIOUT-AKHA-26MAR01,0.05,2588,2588.00,5,95,0.0500,0.9500,no,2026-02-14T22:47:10.639299Z,2026-02-14 05:47 PM ET,2458.6
26e1bee2-559e-5c49-f963-b68d2ecda237,KXPRESNOMD-28-ZMAM,0.01,10000,10000.00,1,99,0.0100,0.9900,no,2026-02-14T22:40:11.837904Z,2026-02-14 05:40 PM ET,9900.0
3afbbb58-d62c-453c-e9f8-f8d01db4b883,KXGOVTSHUTLENGTH-26FEB07-G10,0.93,2288,2288.00,93,7,0.9300,0.0700,yes,2026-02-14T22:12:28.029962Z,2026-02-14 05:12 PM ET,2127.84
437fa140-f618-5dba-5340-5e2f33c9413a,KXSTARMERMENTIONB-26FEB19-TRUM,0.01,2469,2469.00,1,99,0.0100,0.9900,no,2026-02-14T21:23:17.880612Z,2026-02-14 04:23 PM ET,2444.31
71b39e85-d599-41c4-5428-d9c8edd58fec,CONTROLH-2026-D,0.78,13888,13888.00,78,22,0.7800,0.2200,yes,2026-02-14T21:09:25.745463Z,2026-02-14 04:09 PM ET,10832.64
b9954518-0191-5219-f84d-d2567086a496,KXALIENS-27,0.15,5555,5555.00,15,85,0.1500,0.8500,no,2026-02-14T21:08:59.365867Z,2026-02-14 04:08 PM ET,4721.75
b3ea6738-159c-566e-f6e1-1eb176bfe0f1,KXALIENS-27,0.15,3000,3000.00,15,85,0.1500,0.8500,no,2026-02-14T21:08:59.365867Z,2026-02-14 04:08 PM ET,2550.0
0f34ed14-2a3f-55f3-eeba-13d2ba280757,KXALIENS-27,0.15,10000,10000.00,15,85,0.1500,0.8500,no,2026-02-14T21:08:59.365867Z,2026-02-14 04:08 PM ET,8500.0
0e77bc13-0498-50e7-e23f-0130e9eb62cc,KXALIENS-27,0.15,5555,5555.00,15,85,0.1500,0.8500,no,2026-02-14T21:08:59.365867Z,2026-02-14 04:08 PM ET,4721.75
439c982a-87c2-40d1-7692-0f016cd362dc,KXFEDCHAIRNOM-29-KW,0.95,3044,3044.00,95,5,0.9500,0.0500,yes,2026-02-14T21:07:28.871497Z,2026-02-14 04:07 PM ET,2891.8
973e56e3-d5e4-7129-7a06-4ef730c755d5,KXSTARMERMENTIONB-26FEB19-INFL,0.01,3956,3956.00,1,99,0.0100,0.9900,no,2026-02-14T21:00:51.25278Z,2026-02-14T21:00:51.25278Z,3916.44
2e873619-8345-771f-7e5b-bc740730debf,KXGOVTSHUTLENGTH-26FEB07-G7,0.99,4607,4607.00,99,1,0.9900,0.0100,yes,2026-02-14T20:46:54.33698Z,2026-02-14T20:46:54.33698Z,4560.93
7c7f387e-3e38-5007-5609-da6dfa5818e1,KXGOVTSHUTLENGTH-26FEB07-G5,0.99,4854,4854.00,99,1,0.9900,0.0100,yes,2026-02-14T20:42:21.235508Z,2026-02-14 03:42 PM ET,4805.46
72666744-d9c1-5f84-625d-d1d1a8fb2881,KXGOVTSHUTLENGTH-26FEB07-G5,0.99,2500,2500.00,99,1,0.9900,0.0100,yes,2026-02-14T20:42:21.235508Z,2026-02-14 03:42 PM ET,2475.0
40090a4b-ba59-66fd-99fc-dd5a14eabf27,KXKHAMENEIOUT-AKHA-26APR01,0.17,2819,2819.00,17,83,0.1700,0.8300,no,2026-02-14T20:39:23.771158Z,2026-02-14 03:39 PM ET,2339.77
f879e719-9344-63d4-afb8-72fc3446de8d,KXKHAMENEIOUT-AKHA-26MAR01,0.06,3121,3121.00,6,94,0.0600,0.9400,no,2026-02-14T20:38:21.546513Z,2026-02-14 03:38 PM ET,2933.74
8d063e24-6766-5e6f-0367-5dfae7dd57b2,KXMOVNJ11SPECIALD-26FEB05-WIN-P4,0.01,2500,2500.00,1,99,0.0100,0.9900,no,2026-02-14T20:04:04.472819Z,2026-02-14 03:04 PM ET,2475.0
ab01b4c2-a815-4829-ba9a-6eab20c822c3,KXLEAVEWALZ-27JAN01-TWAL-26JUL01,0.08,2351,2351.00,8,92,0.0800,0.9200,no,2026-02-14T20:02:09.736798Z,2026-02-14 03:02 PM ET,2162.92
17caefcb-aa00-7448-8b20-71731f2f7a48,LEAVEPOWELL-25-26APR30,0.05,2495,2495.00,5,95,0.0500,0.9500,no,2026-02-14T19:47:44.739122Z,2026-02-14 02:47 PM ET,2370.25
b5830c23-00f9-7833-770c-1c1e7f1a41dd,KXKHAMENEIOUT-AKHA-26APR01,0.18,17211,17211.00,18,82,0.1800,0.8200,yes,2026-02-14T18:57:42.497121Z,2026-02-14 01:57 PM ET,3097.98
2f019b0b-9606-6840-861b-6b23beb85747,KXFEDCHAIRNOM-29-JS,0.04,300000,300000.00,4,96,0.0400,0.9600,no,2026-02-14T18:32:59.048178Z,2026-02-14 01:32 PM ET,288000.0
609ef028-ee66-7fca-116f-8f66e4108c3c,KXKHAMENEIOUT-AKHA-26APR01,0.18,2753,2753.00,18,82,0.1800,0.8200,no,2026-02-14T17:45:50.214323Z,2026-02-14 12:45 PM ET,2257.46
eccb1c24-1a09-6255-5c98-c344750ca9f1,KXJULYCHARTER26-26,0.98,4482,4482.00,98,2,0.9800,0.0200,yes,2026-02-14T17:41:20.465375Z,2026-02-14 12:41 PM ET,4392.36
cf7b2cc7-0b4e-660f-fc8c-3e7d51fb9f68,KXDHSFUNDING-26MAR01,0.19,3103,3103.00,19,81,0.1900,0.8100,no,2026-02-14T17:18:08.950575Z,2026-02-14 12:18 PM ET,2513.43
dbbef15e-05da-534d-3ec4-5df49dc899dc,KXFEDCHAIRNOM-29-KW,0.95,12500,12500.00,95,5,0.9500,0.0500,yes,2026-02-14T17:17:44.446969Z,2026-02-14 12:17 PM ET,11875.0
f60be1d9-0256-73d1-75cb-6892f9f182c8,KXFEDCHAIRNOM-29-KW,0.95,18383,18383.00,95,5,0.9500,0.0500,yes,2026-02-14T17:14:29.678682Z,2026-02-14 12:14 PM ET,17463.85
34c604c9-ab7e-62a8-7b95-8b856a55716b,KXFEDCHAIRNOM-29-JS,0.04,60000,60000.00,4,96,0.0400,0.9600,no,2026-02-14T17:12:31.636642Z,2026-02-14 12:12 PM ET,57600.0
24199f15-0252-4440-f436-2768bfea14af,KXFEDCHAIRNOM-29-JS,0.04,5856,5856.00,4,96,0.0400,0.9600,no,2026-02-14T17:00:07.623218Z,2026-02-14 12:00 PM ET,5621.76
4c46b7a5-5ff8-6acf-d384-be4f0b597b8f,KXGOVTSHUTLENGTH-26FEB07-G35,0.28,3463,3463.00,28,72,0.2800,0.7200,no,2026-02-14T16:49:41.626679Z,2026-02-14 11:49 AM ET,2493.36
cd5b25b8-5136-4b08-9396-10cbe3ae908f,KXFEDCHAIRNOM-29-JS,0.04,7342,7342.00,4,96,0.0400,0.9600,no,2026-02-14T16:26:56.512028Z,2026-02-14 11:26 AM ET,7048.32
543ef2a1-9c5e-6fb5-a872-fd44596211b7,KXJULYCHARTER26-26,0.99,2339,2339.00,99,1,0.9900,0.0100,yes,2026-02-14T16:26:01.493911Z,2026-02-14 11:26 AM ET,2315.61
f36db2cb-bb39-5a26-10c6-e844fb874595,KXGOVTSHUTLENGTH-26FEB07-G7,0.98,5015,5015.00,98,2,0.9800,0.0200,yes,2026-02-14T16:09:31.247079Z,2026-02-14 11:09 AM ET,4914.7
dc749f84-9b11-4730-8779-9278216e73d2,KXGOVTSHUTLENGTH-26FEB07-G10,0.91,4709,4709.00,91,9,0.9100,0.0900,yes,2026-02-14T15:55:49.64983Z,2026-02-14T15:55:49.64983Z,4285.19
44ed25a2-c663-7b3d-e459-09e465cee988,KXSAVEACT-27-JAN04,0.16,3000,3000.00,16,84,0.1600,0.8400,no,2026-02-14T15:44:14.481022Z,2026-02-14 10:44 AM ET,2520.0
358eccac-91af-7013-eb8d-fa77cb318a9d,KXSAVEACT-27-JAN04,0.17,3321,3321.00,17,83,0.1700,0.8300,no,2026-02-14T15:44:14.481022Z,2026-02-14 10:44 AM ET,2756.43
32dc5fe4-c7a1-5724-a1e7-189a7823528f,KXSTARMERMENTIONB-26FEB19-NHS,0.01,4868,4868.00,1,99,0.0100,0.9900,no,2026-02-14T15:36:40.527026Z,2026-02-14 10:36 AM ET,4819.32
500d8d4c-edee-6cd4-f05d-a77f162d7288,KXSTARMERMENTIONB-26FEB19-EPST,0.01,3001,3001.00,1,99,0.0100,0.9900,no,2026-02-14T15:36:22.660429Z,2026-02-14 10:36 AM ET,2970.99
aad61e04-6e6a-7026-ca23-5de448363aad,KXLEAVESTARMER-26APR01,0.14,5903,5903.00,14,86,0.1400,0.8600,no,2026-02-14T15:34:46.313691Z,2026-02-14 10:34 AM ET,5076.58
902154ae-4456-5917-70eb-ab4cbf84b2ba,KXFEDCHAIRNOM-29-JS,0.04,2222,2222.00,4,96,0.0400,0.9600,no,2026-02-14T15:27:48.683015Z,2026-02-14 10:27 AM ET,2133.12
8faccdbd-06ef-695e-c816-a76818b317a9,KXKHAMENEIOUT-AKHA-26MAR01,0.06,5222,5222.00,6,94,0.0600,0.9400,no,2026-02-14T15:02:45.468841Z,2026-02-14 10:02 AM ET,4908.68
bdf9bbf4-c0d2-6a34-fb84-147bb8f32980,KXDHSFUND-26FEB23,0.09,9741,9741.00,9,91,0.0900,0.9100,no,2026-02-14T15:00:22.085093Z,2026-02-14 10:00 AM ET,8864.31
3395f4a3-8990-6e34-0016-39319b49c2dd,KXPRESNOMD-28-AB,0.04,2342,2342.00,4,96,0.0400,0.9600,no,2026-02-14T14:34:24.517526Z,2026-02-14 09:34 AM ET,2248.32
48041c35-ad28-7d64-4c76-34ebf88ab7e0,KXFEDCHAIRNOM-29-JS,0.04,3509,3509.00,4,96,0.0400,0.9600,no,2026-02-14T13:44:29.138391Z,2026-02-14 08:44 AM ET,3368.64
0724d54c-8622-61ba-4b73-19e8cc1fe9cc,KXLEADERSOUT-27JAN01-AKHAIRA,0.53,5000,5000.00,53,47,0.5300,0.4700,yes,2026-02-14T13:01:36.556765Z,2026-02-14 08:01 AM ET,2650.0
f0ab5fa0-8a60-6f98-88a5-507f345246f3,KXTRUMPOUT27-27-DJT,0.18,5961,5961.00,18,82,0.1800,0.8200,no,2026-02-14T12:37:48.442515Z,2026-02-14 07:37 AM ET,4888.02
8defbfc4-e038-6f14-6c9e-5e9f5bebe42c,KXFEDCHAIRNOM-29-JS,0.04,31162,31162.00,4,96,0.0400,0.9600,no,2026-02-14T12:15:27.73074Z,2026-02-14T12:15:27.73074Z,29915.52
2a0c02da-f1ac-43a8-1919-ccbb20ab82a8,KXFEDCHAIRNOM-29-JS,0.04,12426,12426.00,4,96,0.0400,0.9600,no,2026-02-14T10:54:21.993246Z,2026-02-14 05:54 AM ET,11928.96
33c656a5-f4f8-637c-17fa-8b564d15b994,KXFEDCHAIRNOM-29-JS,0.04,12552,12552.00,4,96,0.0400,0.9600,no,2026-02-14T10:51:42.398549Z,2026-02-14 05:51 AM ET,12049.92
b4d620b7-d140-40c4-34bd-ca86c8ef9e78,KXFEDCHAIRNOM-29-JS,0.04,12679,12679.00,4,96,0.0400,0.9600,no,2026-02-14T10:51:14.644918Z,2026-02-14 05:51 AM ET,12171.84
f9391525-784c-5c50-d3d2-55475d129684,KXFEDCHAIRNOM-29-JS,0.04,20000,20000.00,4,96,0.0400,0.9600,no,2026-02-14T09:41:41.117096Z,2026-02-14 04:41 AM ET,19200.0
aa2aa7f0-2d30-6468-d889-b0173ccd1748,KXFEDCHAIRNOM-29-JS,0.04,2500,2500.00,4,96,0.0400,0.9600,no,2026-02-14T09:38:14.429569Z,2026-02-14 04:38 AM ET,2400.0
8429e9e4-1e10-49bc-e216-907f5633b568,KXFEDCHAIRNOM-29-JS,0.04,5000,5000.00,4,96,0.0400,0.9600,no,2026-02-14T09:33:18.627033Z,2026-02-14 04:33 AM ET,4800.0
ffbb4b79-1f7c-523c-4caa-0e2432368251,KXBALANCEPOWERCOMBO-27FEB-DR,0.46,14639,14639.00,46,54,0.4600,0.5400,no,2026-02-14T08:05:56.10151Z,2026-02-14T08:05:56.10151Z,7905.06
04a44ff1-da2b-76db-75a2-11921eb2a7db,KXEPSTEIN-26MAR01,0.25,4320,4320.00,25,75,0.2500,0.7500,no,2026-02-14T07:54:14.930325Z,2026-02-14 02:54 AM ET,3240.0
b5967014-046a-6df3-ed39-87fcc13581e5,KXDATASET13-26MAR01,0.2,4246,4246.00,20,80,0.2000,0.8000,no,2026-02-14T07:53:26.838041Z,2026-02-14 02:53 AM ET,3396.8
9f563e81-d0e8-7358-920a-66174dd798d0,KXFEDCHAIRNOM-29-JS,0.04,9000,9000.00,4,96,0.0400,0.9600,no,2026-02-14T07:34:39.83047Z,2026-02-14T07:34:39.83047Z,8640.0
641a1699-7d60-50fc-9b7f-55fe3d7b5690,KXFEDCHAIRNOM-29-JS,0.04,10000,10000.00,4,96,0.0400,0.9600,no,2026-02-14T07:29:10.586242Z,2026-02-14 02:29 AM ET,9600.0
df51a744-1e12-410c-e206-e37bc91d40df,KXRHOUSESEATS-27-225,0.02,5000,5000.00,2,98,0.0200,0.9800,no,2026-02-14T07:19:52.671192Z,2026-02-14 02:19 AM ET,4900.0
5cf0314b-c779-46a4-5ea7-90f2c0788004,KXJULYCHARTER26-26,0.98,4844,4844.00,98,2,0.9800,0.0200,yes,2026-02-14T06:25:20.500044Z,2026-02-14 01:25 AM ET,4747.12
a31c2359-323c-6103-1166-e6f65889adda,KXGOVCA-26-MMAH,0.11,3733,3733.00,11,89,0.1100,0.8900,no,2026-02-14T06:06:34.181415Z,2026-02-14 01:06 AM ET,3322.37
cafd6c3c-f8f0-7999-4b32-bb4c96bb91a8,KXJULYCHARTER26-26,0.99,2257,2257.00,99,1,0.9900,0.0100,yes,2026-02-14T06:06:22.443542Z,2026-02-14 01:06 AM ET,2234.43
3b9497ff-a91a-5319-572c-298622f644e0,KXKHAMENEIOUT-AKHA-26MAR01,0.08,5000,5000.00,8,92,0.0800,0.9200,no,2026-02-14T05:58:20.705663Z,2026-02-14 12:58 AM ET,4600.0
cf423666-338c-7fb4-ad31-a10be7db9cec,KXFEDCHAIRNOM-29-JS,0.04,5000,5000.00,4,96,0.0400,0.9600,no,2026-02-14T05:28:33.700749Z,2026-02-14 12:28 AM ET,4800.0
d3f45d52-ea34-4ff9-dc3b-32ace97f3138,KXJULYCHARTER26-26,0.99,3028,3028.00,99,1,0.9900,0.0100,yes,2026-02-14T05:16:25.973833Z,2026-02-14 12:16 AM ET,2997.72
45c66401-eb20-7211-622f-8e608fafa54c,KXJULYCHARTER26-26,0.99,5046,5046.00,99,1,0.9900,0.0100,yes,2026-02-14T05:15:08.660963Z,2026-02-14 12:15 AM ET,4995.54
f7e56a0d-4570-49ec-3130-07b519316c14,KXFEDCHAIRNOM-29-JS,0.04,10000,10000.00,4,96,0.0400,0.9600,no,2026-02-14T05:11:33.304602Z,2026-02-14 12:11 AM ET,9600.0
8e46cfe0-acc0-5964-f385-407f17e914fc,KXFEDCHAIRNOM-29-JS,0.04,2582,2582.00,4,96,0.0400,0.9600,no,2026-02-14T05:02:11.795339Z,2026-02-14 12:02 AM ET,2478.72
7774cc2e-b4af-6b2d-c1c9-f3135d1777fa,KXJULYCHARTER26-26,0.98,4950,4950.00,98,2,0.9800,0.0200,yes,2026-02-14T04:58:45.166846Z,2026-02-13 11:58 PM ET,4851.0
640319d4-20f4-5173-2008-b34551e0021c,KXTRUMPMENTION-26FEB28-CRYP,0.34,4804,4804.00,34,66,0.3400,0.6600,no,2026-02-14T04:41:11.698214Z,2026-02-13 11:41 PM ET,3170.64
344ff636-d4cc-584c-7222-892d84caf967,KXJULYCHARTER26-26,0.98,5000,5000.00,98,2,0.9800,0.0200,yes,2026-02-14T04:23:17.250442Z,2026-02-13 11:23 PM ET,4900.0
c2709bd0-6663-7a22-326b-2dfe6f371e8d,KXFEDCHAIRNOM-29-JS,0.05,46882,46882.00,5,95,0.0500,0.9500,yes,2026-02-14T04:21:38.426786Z,2026-02-13 11:21 PM ET,2344.1
a19f4d69-df3c-5c30-7c5d-c287380cce1c,KXFEDCHAIRNOM-29-JS,0.04,2342,2342.00,4,96,0.0400,0.9600,no,2026-02-14T03:52:05.16016Z,2026-02-14T03:52:05.16016Z,2248.32
7ee9a72d-aac6-7099-620a-979d67d20120,KXALIENS-27,0.15,5255,5255.00,15,85,0.1500,0.8500,no,2026-02-14T03:43:46.461728Z,2026-02-13 10:43 PM ET,4466.75
7ce4b250-de9f-7fee-501c-c4387d617c72,KXALIENS-27,0.15,3333,3333.00,15,85,0.1500,0.8500,no,2026-02-14T03:43:46.461728Z,2026-02-13 10:43 PM ET,2833.05
63e153ba-d6af-7a66-6b8d-d44e70d9d329,KXALIENS-27,0.15,10000,10000.00,15,85,0.1500,0.8500,no,2026-02-14T03:43:46.461728Z,2026-02-13 10:43 PM ET,8500.0
dd2d1186-95e9-7516-4f90-ae0b4adc21e7,KXFEDCHAIRNOM-29-JS,0.04,100001,100001.00,4,96,0.0400,0.9600,yes,2026-02-14T03:43:06.722096Z,2026-02-13 10:43 PM ET,4000.04
99916540-1eb4-7b62-5755-c893b8dce4df,KXFEDCHAIRNOM-29-JS,0.04,50000,50000.00,4,96,0.0400,0.9600,yes,2026-02-14T03:43:06.722096Z,2026-02-13 10:43 PM ET,2000.0
346ee4d4-0eba-741a-681c-4057a13a55ff,KXFEDCHAIRNOM-29-JS,0.04,55555,55555.00,4,96,0.0400,0.9600,yes,2026-02-14T03:43:06.722096Z,2026-02-13 10:43 PM ET,2222.2
db3aacb1-aa04-592b-5415-5eabfa47317d,KXTRUMPOUT27-27-28,0.38,6407,6407.00,38,62,0.3800,0.6200,yes,2026-02-14T03:38:50.349079Z,2026-02-13 10:38 PM ET,2434.66
a9790fcf-b681-413c-783b-e8cabcbd7378,KXPRESNOMD-28-AOC,0.1,50000,50000.00,10,90,0.1000,0.9000,yes,2026-02-14T03:25:48.286821Z,2026-02-13 10:25 PM ET,5000.0
a7ed1b75-9e52-4fc6-4808-006ad58bd376,KXPRESNOMD-28-AOC,0.1,20000,20000.00,10,90,0.1000,0.9000,yes,2026-02-14T03:25:48.286821Z,2026-02-13 10:25 PM ET,2000.0
8d83ec63-e50a-4239-617f-5050650d5ef6,KXPRESNOMD-28-AOC,0.1,20000,20000.00,10,90,0.1000,0.9000,yes,2026-02-14T03:25:48.286821Z,2026-02-13 10:25 PM ET,2000.0
a132efe6-2f76-75de-64d3-a29fe5aa6a34,KXJULYCHARTER26-26,0.97,4156,4156.00,97,3,0.9700,0.0300,yes,2026-02-14T02:27:36.849363Z,2026-02-13 09:27 PM ET,4031.32
7a59051c-a104-6613-46e9-e8053884bf1a,KXPRESNOMR-28-STE,0.01,10257,10257.00,1,99,0.0100,0.9900,no,2026-02-14T02:24:32.126321Z,2026-02-13 09:24 PM ET,10154.43
9be5d312-1e28-503d-efb4-725b86508ecc,KXKHAMENEIOUT-AKHA-26MAR01,0.05,2222,2222.00,5,95,0.0500,0.9500,no,2026-02-14T02:18:55.23901Z,2026-02-14T02:18:55.23901Z,2110.9
945d97b2-5d0f-5155-c89f-a6ae1e6fe2b4,KXKHAMENEIOUT-AKHA-26MAR01,0.05,3778,3778.00,5,95,0.0500,0.9500,no,2026-02-14T02:18:55.23901Z,2026-02-14T02:18:55.23901Z,3589.1
d4b782d7-05f8-7a21-193f-a04cc5571291,KXDHSFUND-26MAR01,0.35,7391,7391.00,35,65,0.3500,0.6500,no,2026-02-14T01:40:15.115971Z,2026-02-13 08:40 PM ET,4804.15
79b75c5a-1806-79ba-ce53-7b026e6d708f,KXLEAVESTARMER-26APR01,0.16,3449,3449.00,16,84,0.1600,0.8400,no,2026-02-14T01:14:20.154748Z,2026-02-13 08:14 PM ET,2897.16
1785f5fa-560a-4b6a-0e5a-61ea9e19c146,KXPRESNOMR-28-RDS,0.05,2454,2454.00,5,95,0.0500,0.9500,no,2026-02-14T01:07:53.861236Z,2026-02-13 08:07 PM ET,2331.3
3aa030a3-f3aa-4610-7ed5-4b3e9cd27d8e,KXFEDCHAIRNOM-29-JS,0.03,11062,11062.00,3,97,0.0300,0.9700,no,2026-02-14T00:58:19.43176Z,2026-02-14T00:58:19.43176Z,10730.14
1e3b3c3a-a4ad-7505-534c-7fc2f734ca20,KXLEAVESTARMER-26MAR01,0.05,3712,3712.00,5,95,0.0500,0.9500,no,2026-02-14T00:57:13.698628Z,2026-02-13 07:57 PM ET,3526.4
3491f424-b545-712f-a086-7e9ebe5c059c,KXGREENLAND-29,0.3,3740,3740.00,30,69,0.3020,0.6980,no,2026-02-14T00:56:16.374277Z,2026-02-13 07:56 PM ET,2610.52
71ffd7bf-ffd6-70ca-5757-d41824d66c16,KXWARSHNOM-26FEB20-T0,0.12,2444,2444.00,12,88,0.1200,0.8800,no,2026-02-14T00:35:45.688317Z,2026-02-13 07:35 PM ET,2150.72
de0f144d-2ce1-422d-36ef-422e0f2d45f7,KXDHSFUND-26MAR01,0.43,4818,4818.00,43,57,0.4300,0.5700,no,2026-02-14T00:29:20.770763Z,2026-02-13 07:29 PM ET,2746.26
0de0f8b0-206c-69b9-e657-71de57f177ef,KXALIENS-27,0.18,20000,20000.00,18,82,0.1800,0.8200,yes,2026-02-14T00:13:13.234665Z,2026-02-13 07:13 PM ET,3600.0
6ea685a1-4499-79ae-4d03-da099fb79461,KXLEAVEWALZ-27JAN01-TWAL-26JUL01,0.08,3690,3690.00,8,92,0.0800,0.9200,no,2026-02-13T23:49:30.799929Z,2026-02-13 06:49 PM ET,3394.8
fcb5e8eb-4f48-61d5-bba2-514013404b00,KXPRESPERSON-28-MRUB,0.08,10017,10017.00,8,92,0.0800,0.9200,no,2026-02-13T23:43:47.035475Z,2026-02-13 06:43 PM ET,9215.64
dd4f5ddd-4b3e-63c9-8384-12d0df13f53e,KXPRESPERSON-28-MRUB,0.07,3333,3333.00,7,93,0.0700,0.9300,no,2026-02-13T23:43:47.035475Z,2026-02-13 06:43 PM ET,3099.69
d5f72ef0-bd6d-6443-83c4-7de59f3ceb19,KXPRESPERSON-28-MRUB,0.08,2222,2222.00,8,92,0.0800,0.9200,no,2026-02-13T23:43:47.035475Z,2026-02-13 06:43 PM ET,2044.24
9c44ccbb-b9e4-650c-b818-6f0341d59753,KXPRESPERSON-28-MRUB,0.07,14307,14307.00,7,93,0.0700,0.9300,no,2026-02-13T23:43:47.035475Z,2026-02-13 06:43 PM ET,13305.51
77acc385-7dde-67ea-947b-a963025f39af,KXPRESPERSON-28-MRUB,0.08,26799,26799.00,8,92,0.0800,0.9200,no,2026-02-13T23:43:47.035475Z,2026-02-13 06:43 PM ET,24655.08
59af0c92-6e92-6a30-bf80-1254b3096bb2,KXPRESPERSON-28-MRUB,0.08,5000,5000.00,8,92,0.0800,0.9200,no,2026-02-13T23:43:47.035475Z,2026-02-13 06:43 PM ET,4600.0
3b293eae-535c-64ac-b498-4b78fc9662cb,KXPRESPERSON-28-MRUB,0.07,5000,5000.00,7,93,0.0700,0.9300,no,2026-02-13T23:43:47.035475Z,2026-02-13 06:43 PM ET,4650.0
0247b97d-f6e3-6574-84a4-405749976e0d,KXPRESPERSON-28-MRUB,0.07,10000,10000.00,7,93,0.0700,0.9300,no,2026-02-13T23:43:47.035475Z,2026-02-13 06:43 PM ET,9300.0
f146955a-6fe0-5635-7eef-b6629675a119,KXJULYCHARTER26-26,0.98,2339,2339.00,98,2,0.9800,0.0200,yes,2026-02-13T23:21:24.65888Z,2026-02-13T23:21:24.65888Z,2292.22
bcd3ad83-1f6e-600f-e84f-9cc046c4fd1e,KXKHAMENEIOUT-AKHA-26APR01,0.17,5000,5000.00,17,83,0.1700,0.8300,no,2026-02-13T23:00:54.014804Z,2026-02-13 06:00 PM ET,4150.0
8bac6306-61e5-7698-76bb-d18c2726b958,KXFEDCHAIRNOM-29-JS,0.03,6000,6000.00,3,97,0.0300,0.9700,no,2026-02-13T22:54:47.157758Z,2026-02-13 05:54 PM ET,5820.0
be1f4a34-ce9d-49a0-d120-55d0ea2f2b88,KXFEDCHAIRNOM-29-JS,0.03,7000,7000.00,3,97,0.0300,0.9700,no,2026-02-13T22:47:05.641512Z,2026-02-13 05:47 PM ET,6790.0
8df666b1-a15d-69b3-5c6a-8f2ded783d63,KXDHSFUND-26FEB23,0.1,5825,5825.00,10,90,0.1000,0.9000,no,2026-02-13T22:36:33.135388Z,2026-02-13 05:36 PM ET,5242.5
edc7e8ab-56ac-41ad-f5e6-651e210fe0a5,KXGOVTSHUTLENGTH-26FEB07-G3,0.99,5000,5000.00,99,1,0.9900,0.0100,yes,2026-02-13T22:16:27.859203Z,2026-02-13 05:16 PM ET,4950.0
d34a3dd8-0714-7de4-38c0-347fd50e19a7,KXGOVTSHUTDOWN-26FEB14,0.99,224539,224539.00,99,1,0.9900,0.0100,no,2026-02-13T22:12:40.447875Z,2026-02-13 05:12 PM ET,2245.39
625f63e3-cdf5-72ed-e1b0-b28225e51fb9,KXDHSFUND-26FEB23,0.14,4754,4754.00,14,86,0.1400,0.8600,no,2026-02-13T22:11:58.913598Z,2026-02-13 05:11 PM ET,4088.44
68252f5a-5f7f-410e-2246-8657f544f89d,KXGOVTSHUTLENGTH-26FEB07-G2,0.99,5000,5000.00,99,1,0.9900,0.0100,yes,2026-02-13T22:06:01.750358Z,2026-02-13 05:06 PM ET,4950.0
0561c00f-94cf-41e1-6172-773a8800fde2,KXDHSFUND-26FEB23,0.16,5222,5222.00,16,84,0.1600,0.8400,no,2026-02-13T22:05:31.206397Z,2026-02-13 05:05 PM ET,4386.48
c587fa22-b122-5ca5-f6b0-6bc88167925d,KXGOVTSHUTLENGTH-26FEB07-G2,0.98,10001,10001.00,98,2,0.9800,0.0200,yes,2026-02-13T22:02:15.749548Z,2026-02-13 05:02 PM ET,9800.98
dec518e7-feda-5c41-7327-b54ec60cc895,KXGOVTSHUTLENGTH-26FEB07-G2,0.98,9998,9998.00,98,2,0.9800,0.0200,yes,2026-02-13T22:02:04.970438Z,2026-02-13 05:02 PM ET,9798.04
fe471971-36ea-7c98-74ac-bd3b15257f24,KXGOVTSHUTLENGTH-26FEB07-G1,0.99,4952,4952.00,99,1,0.9900,0.0100,yes,2026-02-13T22:01:55.710882Z,2026-02-13 05:01 PM ET,4902.48
bafc55a3-4617-6eb5-22f0-923626c4db3f,KXGOVTSHUTDOWN-26FEB14,0.99,10000,10000.00,99,1,0.9900,0.0100,yes,2026-02-13T22:01:44.31502Z,2026-02-13T22:01:44.31502Z,9900.0
9d90abe0-12e6-655d-30a2-9074fd6322bd,KXGOVTSHUTDOWN-26FEB14,0.99,29943,29943.00,99,1,0.9900,0.0100,yes,2026-02-13T22:01:44.31502Z,2026-02-13T22:01:44.31502Z,29643.57
076f4ea7-650d-6c66-068c-93c783053cca,KXGOVTSHUTDOWN-26FEB14,0.99,3000,3000.00,99,1,0.9900,0.0100,yes,2026-02-13T22:01:44.31502Z,2026-02-13T22:01:44.31502Z,2970.0
c38b371c-02ed-56f0-7368-95acbb9b2680,KXGOVTSHUTDOWN-26FEB14,0.98,7500,7500.00,98,2,0.9800,0.0200,yes,2026-02-13T22:01:34.131876Z,2026-02-13 05:01 PM ET,7350.0
54e1f5be-962b-5ce9-4697-0a11af1cfda7,KXGOVTSHUTDOWN-26FEB14,0.98,10000,10000.00,98,2,0.9800,0.0200,yes,2026-02-13T22:01:34.131876Z,2026-02-13 05:01 PM ET,9800.0
278ffb00-3467-5bd0-6843-5c2cd45b97c1,KXGOVTSHUTDOWN-26FEB14,0.98,5000,5000.00,98,2,0.9800,0.0200,yes,2026-02-13T22:01:34.131876Z,2026-02-13 05:01 PM ET,4900.0
76f1d351-005a-53e3-8300-4fa237c1c795,KXGOVTSHUTDOWN-26FEB14,0.96,10000,10000.00,96,4,0.9600,0.0400,yes,2026-02-13T22:01:03.147246Z,2026-02-13 05:01 PM ET,9600.0
443457f0-e957-5918-95a2-3b579098c00f,KXGOVTSHUTDOWN-26FEB14,0.96,3000,3000.00,96,4,0.9600,0.0400,yes,2026-02-13T22:01:03.147246Z,2026-02-13 05:01 PM ET,2880.0
2262c889-c433-5194-bbca-73c5cef1f79b,KXGOVTSHUTDOWN-26FEB14,0.96,10000,10000.00,96,4,0.9600,0.0400,yes,2026-02-13T22:01:03.147246Z,2026-02-13 05:01 PM ET,9600.0
104b69c2-31da-5a58-a5e9-aaf0f37529de,KXGOVTSHUTDOWN-26FEB14,0.97,50000,50000.00,97,3,0.9700,0.0300,yes,2026-02-13T22:01:03.147246Z,2026-02-13 05:01 PM ET,48500.0
094e66af-e2a0-5ec1-bd22-0e28f95adae7,KXGOVTSHUTDOWN-26FEB14,0.97,6467,6467.00,97,3,0.9700,0.0300,yes,2026-02-13T22:01:03.147246Z,2026-02-13 05:01 PM ET,6272.99
f6dda648-2d20-4115-3777-18b943e0b9d1,KXGOVTSHUTDOWN-26FEB14,0.95,21799,21799.00,95,5,0.9500,0.0500,yes,2026-02-13T22:00:59.347771Z,2026-02-13 05:00 PM ET,20709.05
eb82dce7-7cfc-448e-1e5b-d65b2c77a5b6,KXGOVTSHUTDOWN-26FEB14,0.95,20000,20000.00,95,5,0.9500,0.0500,yes,2026-02-13T22:00:59.347771Z,2026-02-13 05:00 PM ET,19000.0
dd84752e-e48e-45fe-3cb0-18aa40f2464b,KXGOVTSHUTDOWN-26FEB14,0.94,40283,40283.00,94,6,0.9400,0.0600,yes,2026-02-13T22:00:59.347771Z,2026-02-13 05:00 PM ET,37866.02
b5c2292f-afc2-47cf-286e-080b1ea19db5,KXGOVTSHUTDOWN-26FEB14,0.94,25000,25000.00,94,6,0.9400,0.0600,yes,2026-02-13T22:00:59.347771Z,2026-02-13 05:00 PM ET,23500.0
8fc81c45-f089-42e4-39c9-7a3a09b36f95,KXGOVTSHUTDOWN-26FEB14,0.95,3000,3000.00,95,5,0.9500,0.0500,yes,2026-02-13T22:00:59.347771Z,2026-02-13 05:00 PM ET,2850.0
8c787de0-58c8-47e9-102a-5444bc79070b,KXGOVTSHUTDOWN-26FEB14,0.94,121885,121885.00,94,6,0.9400,0.0600,yes,2026-02-13T22:00:59.347771Z,2026-02-13 05:00 PM ET,114571.9
8833b8c9-a0b0-4419-22b2-4196a1b486ac,KXGOVTSHUTDOWN-26FEB14,0.94,10000,10000.00,94,6,0.9400,0.0600,yes,2026-02-13T22:00:59.347771Z,2026-02-13 05:00 PM ET,9400.0
84b365fd-da20-4169-207c-56de9a9f366a,KXGOVTSHUTDOWN-26FEB14,0.95,10000,10000.00,95,5,0.9500,0.0500,yes,2026-02-13T22:00:59.347771Z,2026-02-13 05:00 PM ET,9500.0
82653ce4-7931-4aa2-2988-7d43874ba808,KXGOVTSHUTDOWN-26FEB14,0.95,10000,10000.00,95,5,0.9500,0.0500,yes,2026-02-13T22:00:59.347771Z,2026-02-13 05:00 PM ET,9500.0
596b3367-0c92-4ecc-123a-55f7f2162ef9,KXGOVTSHUTDOWN-26FEB14,0.94,4000,4000.00,94,6,0.9400,0.0600,yes,2026-02-13T22:00:59.347771Z,2026-02-13 05:00 PM ET,3760.0
5958989b-4e18-4d21-1ff8-c014740a9fdb,KXGOVTSHUTDOWN-26FEB14,0.95,5000,5000.00,95,5,0.9500,0.0500,yes,2026-02-13T22:00:59.347771Z,2026-02-13 05:00 PM ET,4750.0
52dc51ca-01d5-4d56-00f8-304718e92378,KXGOVTSHUTDOWN-26FEB14,0.95,20001,20001.00,95,5,0.9500,0.0500,yes,2026-02-13T22:00:59.347771Z,2026-02-13 05:00 PM ET,19000.95
4ef7574a-4319-4054-1a6b-af7205354877,KXGOVTSHUTDOWN-26FEB14,0.94,5000,5000.00,94,6,0.9400,0.0600,yes,2026-02-13T22:00:59.347771Z,2026-02-13 05:00 PM ET,4700.0
4c3d130d-9ef2-46c7-235b-9cf57a59bfd7,KXGOVTSHUTDOWN-26FEB14,0.94,10000,10000.00,94,6,0.9400,0.0600,yes,2026-02-13T22:00:59.347771Z,2026-02-13 05:00 PM ET,9400.0
43bd629c-5700-463a-0a73-ae9305bdac81,KXGOVTSHUTDOWN-26FEB14,0.95,100000,100000.00,95,5,0.9500,0.0500,yes,2026-02-13T22:00:59.347771Z,2026-02-13 05:00 PM ET,95000.0
214f2e2e-9b1c-4444-0e86-97988eb3e02e,KXGOVTSHUTDOWN-26FEB14,0.95,3620,3620.00,95,5,0.9500,0.0500,yes,2026-02-13T22:00:59.347771Z,2026-02-13 05:00 PM ET,3439.0
15ad299b-df15-44cf-1373-0b6377760d9b,KXGOVTSHUTDOWN-26FEB14,0.94,39000,39000.00,94,6,0.9400,0.0600,yes,2026-02-13T22:00:59.347771Z,2026-02-13 05:00 PM ET,36660.0
1a92c9e3-3f20-7416-3769-e8cc33db6180,KXELECTVENEZUELA-26JUN01,0.11,2800,2800.00,11,89,0.1100,0.8900,no,2026-02-13T21:57:58.414724Z,2026-02-13 04:57 PM ET,2492.0
e85822cc-4772-5032-23a3-92ba8a4550a3,KXGOVTSHUTDOWN-26FEB14,0.94,7123,7123.00,94,6,0.9400,0.0600,yes,2026-02-13T21:56:34.33391Z,2026-02-13T21:56:34.33391Z,6695.62
9feac325-9907-5bd3-0e85-e5a1726680b9,KXKHAMENEIOUT-AKHA-26MAR01,0.05,5000,5000.00,5,95,0.0500,0.9500,no,2026-02-13T21:55:14.061778Z,2026-02-13 04:55 PM ET,4750.0
606a6c14-0190-6f29-3e6c-97dcb0148e51,KXGOVTSHUTDOWN-26FEB14,0.95,2811,2811.00,95,5,0.9500,0.0500,yes,2026-02-13T21:44:11.785592Z,2026-02-13 04:44 PM ET,2670.45
9c5fc283-88b4-7411-c9d1-88de509bcde0,KXGOVTSHUTDOWN-26FEB14,0.94,40000,40000.00,94,6,0.9400,0.0600,no,2026-02-13T21:42:00.568444Z,2026-02-13 04:42 PM ET,2400.0
7dfb3881-54c2-79af-d372-3cf882987e77,KXGOVTSHUTDOWN-26FEB14,0.94,47668,47668.00,94,6,0.9400,0.0600,no,2026-02-13T21:42:00.568444Z,2026-02-13 04:42 PM ET,2860.08
f2cd7db5-2847-653c-ef7e-f91c64e6d9eb,KXGOVTSHUTDOWN-26FEB14,0.95,2497,2497.00,95,5,0.9500,0.0500,yes,2026-02-13T21:35:35.268206Z,2026-02-13 04:35 PM ET,2372.15
64cf2c57-3b2b-5358-db38-8ef6918f8dff,KXGOVTSHUTDOWN-26FEB14,0.95,3333,3333.00,95,5,0.9500,0.0500,yes,2026-02-13T21:31:07.857436Z,2026-02-13 04:31 PM ET,3166.35
c94b456e-b034-5547-cf5d-c7eb5be1b1de,KXPRESNOMR-28-STE,0.01,6689,6689.00,1,99,0.0100,0.9900,no,2026-02-13T21:27:14.062296Z,2026-02-13 04:27 PM ET,6622.11
43ec79d3-fa82-6f5d-8c02-1c41cac8fb3f,KXPRESNOMD-28-ZMAM,0.01,10000,10000.00,1,99,0.0100,0.9900,no,2026-02-13T21:20:53.937403Z,2026-02-13 04:20 PM ET,9900.0
ed879112-35c4-4eff-283d-afbe46b0f161,KXJULYCHARTER26-26,0.99,4815,4815.00,99,1,0.9900,0.0100,yes,2026-02-13T21:19:34.030922Z,2026-02-13 04:19 PM ET,4766.85
524f72ab-a1f5-5859-3fd9-6da5dddd77b8,KXGOVTSHUTDOWN-26FEB14,0.95,3094,3094.00,95,5,0.9500,0.0500,yes,2026-02-13T21:11:08.947905Z,2026-02-13 04:11 PM ET,2939.3
270dbb5e-3a09-4548-5e13-a17781117622,KXTRUMPADMINLEAVE-26DEC31-KNOE,0.47,9000,9000.00,47,53,0.4700,0.5300,no,2026-02-13T21:08:42.850615Z,2026-02-13 04:08 PM ET,4770.0
aa2e5d13-901f-7f81-96c6-b3528b121ee0,KXFEDCHAIRNOM-29-JS,0.03,2338,2338.00,3,97,0.0300,0.9700,no,2026-02-13T21:07:44.06754Z,2026-02-13T21:07:44.06754Z,2267.86
0bc50ec4-b135-6cb5-edbf-c4d9960fbf6c,KXGOVTSHUTDOWN-26FEB14,0.95,9600,9600.00,95,5,0.9500,0.0500,yes,2026-02-13T20:57:36.453019Z,2026-02-13 03:57 PM ET,9120.0
c5d5d25b-0139-4f85-689f-67e3b81eaaf8,KXGOVTSHUTDOWN-26FEB14,0.95,2707,2707.00,95,5,0.9500,0.0500,yes,2026-02-13T20:56:11.937694Z,2026-02-13 03:56 PM ET,2571.65
49114fda-a26f-629e-9fc2-f8b9dceed079,KXGOVTSHUTDOWN-26FEB14,0.95,3193,3193.00,95,5,0.9500,0.0500,yes,2026-02-13T20:55:53.372508Z,2026-02-13 03:55 PM ET,3033.35
d643f165-16b0-4193-7647-91b59cc29fbf,KXKHAMENEIOUT-AKHA-26MAR01,0.05,3151,3151.00,5,95,0.0500,0.9500,no,2026-02-13T20:55:43.197895Z,2026-02-13 03:55 PM ET,2993.45
ed6ecc0c-eb3f-7b51-ba24-2cdacaab4b07,KXKHAMENEIOUT-AKHA-26MAR01,0.05,5000,5000.00,5,95,0.0500,0.9500,no,2026-02-13T20:55:35.870151Z,2026-02-13 03:55 PM ET,4750.0
eb909eda-d45e-7e97-bfb4-da0eaca784ce,KXKHAMENEIOUT-AKHA-26MAR01,0.05,13000,13000.00,5,95,0.0500,0.9500,no,2026-02-13T20:55:35.870151Z,2026-02-13 03:55 PM ET,12350.0
a4a37580-7a30-73b3-9905-c0133a1ae3f3,KXKHAMENEIOUT-AKHA-26MAR01,0.05,5737,5737.00,5,95,0.0500,0.9500,no,2026-02-13T20:55:35.870151Z,2026-02-13 03:55 PM ET,5450.15
3ac6defe-91dd-7995-b4fe-560f2e27bf76,KXKHAMENEIOUT-AKHA-26MAR01,0.05,19373,19373.00,5,95,0.0500,0.9500,no,2026-02-13T20:55:35.870151Z,2026-02-13 03:55 PM ET,18404.35
1cc7ec6c-ff8e-4be4-317a-f4cb41c14b26,KXMOVNJ11SPECIALD-26FEB05-WIN-P4,0.01,2500,2500.00,1,99,0.0100,0.9900,no,2026-02-13T20:34:01.23871Z,2026-02-13T20:34:01.23871Z,2475.0
9ba58293-fc98-56e8-aaea-a6b9c026d9ac,KXBERNIEMENTION-26FEB14-REVO,0.05,3591,3591.00,5,95,0.0500,0.9500,no,2026-02-13T20:33:31.3077Z,2026-02-13T20:33:31.3077Z,3411.45
8fc4f3d3-e085-5599-16e6-44c32eaa9fa2,KXGOVTSHUTDOWN-26FEB14,0.95,4761,4761.00,95,5,0.9500,0.0500,yes,2026-02-13T20:26:42.061515Z,2026-02-13 03:26 PM ET,4522.95
3411dd33-2049-4029-a488-17777ee5375a,KXGOVTSHUTDOWN-26FEB14,0.95,3369,3369.00,95,5,0.9500,0.0500,yes,2026-02-13T20:24:12.064955Z,2026-02-13 03:24 PM ET,3200.55
877c1e07-b5f3-6d45-f9c7-63f9820f4fb4,KXFEDCHAIRNOM-29-JS,0.03,43000,43000.00,3,97,0.0300,0.9700,no,2026-02-13T20:24:03.119773Z,2026-02-13 03:24 PM ET,41710.0
53a751f0-eafa-5659-e2e4-9f87cac55f39,KXBERNIEMENTION-26FEB14-REVO,0.06,2500,2500.00,6,94,0.0600,0.9400,no,2026-02-13T20:19:50.27747Z,2026-02-13T20:19:50.27747Z,2350.0
37a39dfc-6882-7ad3-435a-acce3a60fa0d,KXBERNIEMENTION-26FEB14-REVO,0.07,2222,2222.00,7,93,0.0700,0.9300,no,2026-02-13T20:19:36.077253Z,2026-02-13 03:19 PM ET,2066.46
527e5a1d-b051-5f45-14be-13e3267bbc32,KXGOVTSHUTDOWN-26FEB14,0.95,3882,3882.00,95,5,0.9500,0.0500,yes,2026-02-13T20:18:16.231712Z,2026-02-13 03:18 PM ET,3687.9
5d6417ef-41c3-640b-bb4e-bcd337af3821,KXBERNIEMENTION-26FEB14-REVO,0.15,2413,2413.00,15,85,0.1500,0.8500,no,2026-02-13T20:14:23.199958Z,2026-02-13 03:14 PM ET,2051.05
8cd92e6c-ed91-68e4-151f-bf2612d830df,KXGREENLANDPRICE-29JAN21-749B,0.06,5000,5000.00,6,94,0.0600,0.9400,no,2026-02-13T20:07:44.462553Z,2026-02-13 03:07 PM ET,4700.0
9ef537df-0a35-7d89-50fb-febdafca8ef6,KXGOVTSHUTDOWN-26FEB14,0.95,9051,9051.00,95,5,0.9500,0.0500,yes,2026-02-13T20:00:15.255636Z,2026-02-13 03:00 PM ET,8598.45
b955d6ac-7abd-56cd-a123-7e0681ba88a6,KXGOVTSHUTDOWN-26FEB14,0.95,3121,3121.00,95,5,0.9500,0.0500,yes,2026-02-13T19:59:16.008453Z,2026-02-13 02:59 PM ET,2964.95
f3390148-f2f2-5daa-0434-07e27b239f9c,KXGOVTSHUTDOWN-26FEB14,0.94,8063,8063.00,94,6,0.9400,0.0600,yes,2026-02-13T19:56:29.933388Z,2026-02-13 02:56 PM ET,7579.22
3f6f62f0-a10c-520f-262a-a662eba33a99,KXGOVTSHUTDOWN-26FEB14,0.94,10000,10000.00,94,6,0.9400,0.0600,yes,2026-02-13T19:56:29.933388Z,2026-02-13 02:56 PM ET,9400.0
26508043-2a1a-5132-d35c-744617b122f8,KXGOVTSHUTDOWN-26FEB14,0.94,3600,3600.00,94,6,0.9400,0.0600,yes,2026-02-13T19:55:33.090624Z,2026-02-13 02:55 PM ET,3384.0
859d7045-7282-609a-a42a-9ca8dc82fee0,KXGOVTSHUTDOWN-26FEB14,0.94,11111,11111.00,94,6,0.9400,0.0600,yes,2026-02-13T19:54:46.659572Z,2026-02-13 02:54 PM ET,10444.34
acad9a93-2061-728d-f9b9-b09d1de7a5ca,KXGOVTSHUTDOWN-26FEB14,0.94,5555,5555.00,94,6,0.9400,0.0600,yes,2026-02-13T19:54:29.116972Z,2026-02-13 02:54 PM ET,5221.7
1b3ede37-0ab7-7b5a-556b-78003a46c39d,KXTRUMPMENTION-26FEB28-CRYP,0.34,4900,4900.00,34,66,0.3400,0.6600,no,2026-02-13T19:54:08.990635Z,2026-02-13 02:54 PM ET,3234.0
9a768ac9-72c3-5a20-331b-4efacac54c3a,KXDJTVOSTARIFFS,0.26,7973,7973.00,26,74,0.2600,0.7400,no,2026-02-13T19:42:50.17552Z,2026-02-13T19:42:50.17552Z,5900.02
41f2c6c3-1895-591f-2e19-47b084f63516,KXDJTVOSTARIFFS,0.26,4633,4633.00,26,74,0.2600,0.7400,no,2026-02-13T19:42:50.17552Z,2026-02-13T19:42:50.17552Z,3428.42
d0ca3da6-4450-6355-1a10-3dd7ec2efae5,KXGOVTSHUTDOWN-26FEB14,0.94,5619,5619.00,94,6,0.9400,0.0600,yes,2026-02-13T19:39:55.63549Z,2026-02-13T19:39:55.63549Z,5281.86
